{"event_type":"order_sent","timestamp":"2026-05-19T19:22:30.1247338+05:30","order_sent":{"request_id":"e510cd36-e1c6-4457-9bf4-099e9fcb0aa7","order_id":"","type":"MARKET","symbol":"AAPL","side":"BUY","quantity":3}}
{"event_type":"order_sent","timestamp":"2026-05-19T19:22:30.1247338+05:30","order_sent":{"request_id":"da1bc9d8-49a1-414d-9e43-44a8132454ea","order_id":"","type":"LIMIT","symbol":"AAPL","side":"BUY","price":174.64,"quantity":22}}
{"event_type":"order_sent","timestamp":"2026-05-19T19:22:30.125273+05:30","order_sent":{"request_id":"c9c38358-9fc9-4247-9bf3-a34a884d2aa8","order_id":"ord-7979944750841947690","type":"CANCEL","symbol":"","side":""}}
{"event_type":"order_sent","timestamp":"2026-05-19T19:22:30.1258088+05:30","order_sent":{"request_id":"93144dd9-34e8-4e04-a494-514071d4cb65","order_id":"","type":"MARKET","symbol":"MSFT","side":"BUY","quantity":50}}
{"event_type":"order_sent","timestamp":"2026-05-19T19:22:30.1247338+05:30","order_sent":{"request_id":"546d05bd-bd0e-4475-b931-26daa1ce92c7","order_id":"","type":"MARKET","symbol":"MSFT","side":"BUY","quantity":9}}
{"event_type":"order_sent","timestamp":"2026-05-19T19:22:30.1242099+05:30","order_sent":{"request_id":"72bb082c-95bf-4886-a8ad-2b032198cfdc","order_id":"","type":"LIMIT","symbol":"GOOG","side":"BUY","price":754.75,"quantity":33}}
{"event_type":"order_sent","timestamp":"2026-05-19T19:22:30.1258088+05:30","order_sent":{"request_id":"550e4736-5d0b-4449-b1e7-b5114db7c00b","order_id":"","type":"MARKET","symbol":"TSLA","side":"BUY","quantity":48}}
{"event_type":"order_sent","timestamp":"2026-05-19T19:22:30.1258088+05:30","order_sent":{"request_id":"5790a6aa-f44c-4c99-8e23-a4ae3ce35ddd","order_id":"","type":"MARKET","symbol":"GOOG","side":"BUY","quantity":44}}
{"event_type":"order_sent","timestamp":"2026-05-19T19:22:30.125273+05:30","order_sent":{"request_id":"fa4820e8-8a4e-486c-b59c-79e70f698ecd","order_id":"","type":"LIMIT","symbol":"GOOG","side":"SELL","price":504.67,"quantity":88}}
{"event_type":"order_sent","timestamp":"2026-05-19T19:22:30.125273+05:30","order_sent":{"request_id":"b36d0879-efb3-410f-b297-ea3aa9b2b470","order_id":"","type":"LIMIT","symbol":"MSFT","side":"BUY","price":864.52,"quantity":43}}
{"event_type":"order_sent","timestamp":"2026-05-19T19:22:30.1258088+05:30","order_sent":{"request_id":"6cc03b93-e471-46cb-bb47-2aa68be3fff9","order_id":"","type":"LIMIT","symbol":"MSFT","side":"SELL","price":765.91,"quantity":72}}
{"event_type":"order_sent","timestamp":"2026-05-19T19:22:30.1258088+05:30","order_sent":{"request_id":"6ecb9def-514a-4706-9684-634c687bf576","order_id":"","type":"MARKET","symbol":"GOOG","side":"SELL","quantity":30}}
{"event_type":"order_sent","timestamp":"2026-05-19T19:22:30.125273+05:30","order_sent":{"request_id":"a6ae54f8-0cd3-4e90-96e4-c817ab3adf49","order_id":"","type":"MARKET","symbol":"TSLA","side":"BUY","quantity":21}}
{"event_type":"order_sent","timestamp":"2026-05-19T19:22:30.1247338+05:30","order_sent":{"request_id":"3ade3094-483d-4c98-b752-e950367e257b","order_id":"","type":"MARKET","symbol":"AAPL","side":"SELL","quantity":7}}
{"event_type":"order_sent","timestamp":"2026-05-19T19:22:30.1247338+05:30","order_sent":{"request_id":"7e83b7bc-1fb0-4717-bd56-8ec0c99169ef","order_id":"","type":"MARKET","symbol":"MSFT","side":"BUY","quantity":15}}
{"event_type":"order_sent","timestamp":"2026-05-19T19:22:30.1247338+05:30","order_sent":{"request_id":"f4ed923b-40bd-4edc-a40a-6e76c03b9caa","order_id":"","type":"MARKET","symbol":"AAPL","side":"BUY","quantity":44}}
{"event_type":"order_sent","timestamp":"2026-05-19T19:22:30.1247338+05:30","order_sent":{"request_id":"23141161-d323-403b-9588-baa249d0c1ae","order_id":"ord-5120319408780486669","type":"CANCEL","symbol":"","side":""}}
{"event_type":"order_sent","timestamp":"2026-05-19T19:22:30.1242099+05:30","order_sent":{"request_id":"e95683e7-79c8-46f3-8349-43b1aafbfa1a","order_id":"","type":"MARKET","symbol":"TSLA","side":"SELL","quantity":46}}
{"event_type":"order_sent","timestamp":"2026-05-19T19:22:30.1242099+05:30","order_sent":{"request_id":"4997fb81-e467-4d1c-9490-c2487707387e","order_id":"","type":"MARKET","symbol":"AMZN","side":"BUY","quantity":48}}
{"event_type":"order_sent","timestamp":"2026-05-19T19:22:30.125273+05:30","order_sent":{"request_id":"50f0275f-da18-438f-9682-9294264832f3","order_id":"","type":"LIMIT","symbol":"AAPL","side":"SELL","price":404.89,"quantity":77}}
{"event_type":"order_sent","timestamp":"2026-05-19T19:22:30.1247338+05:30","order_sent":{"request_id":"b0939042-2d58-4995-b5fb-cb178dbdc988","order_id":"","type":"LIMIT","symbol":"MSFT","side":"SELL","price":278.36,"quantity":13}}
{"event_type":"order_sent","timestamp":"2026-05-19T19:22:30.1247338+05:30","order_sent":{"request_id":"d3a2c170-6209-46fe-aa95-101a9a138e72","order_id":"","type":"LIMIT","symbol":"AMZN","side":"SELL","price":564.86,"quantity":27}}
{"event_type":"order_sent","timestamp":"2026-05-19T19:22:30.125273+05:30","order_sent":{"request_id":"2f792828-b50a-4155-8b94-0d999ccfa148","order_id":"","type":"MARKET","symbol":"TSLA","side":"SELL","quantity":8}}
{"event_type":"order_sent","timestamp":"2026-05-19T19:22:30.125273+05:30","order_sent":{"request_id":"6ae213c1-0f4f-4a6e-a111-59003058131c","order_id":"","type":"LIMIT","symbol":"GOOG","side":"BUY","price":678.86,"quantity":73}}
{"event_type":"order_sent","timestamp":"2026-05-19T19:22:30.1247338+05:30","order_sent":{"request_id":"ed2cb70c-f8c5-4dee-998a-6beb5a3408ec","order_id":"","type":"LIMIT","symbol":"MSFT","side":"SELL","price":981.18,"quantity":79}}
{"event_type":"order_sent","timestamp":"2026-05-19T19:22:30.125273+05:30","order_sent":{"request_id":"20562850-eb5a-45af-9522-041c9cbc529a","order_id":"","type":"LIMIT","symbol":"MSFT","side":"BUY","price":385.7,"quantity":3}}
{"event_type":"order_sent","timestamp":"2026-05-19T19:22:30.1247338+05:30","order_sent":{"request_id":"2c7ab2c5-94ad-41f3-8ca9-759e3513caf6","order_id":"","type":"LIMIT","symbol":"AMZN","side":"BUY","price":512.46,"quantity":38}}
{"event_type":"order_sent","timestamp":"2026-05-19T19:22:30.125273+05:30","order_sent":{"request_id":"b91330e9-262d-4ff0-a263-810e8c4f5a05","order_id":"","type":"MARKET","symbol":"MSFT","side":"SELL","quantity":15}}
{"event_type":"order_sent","timestamp":"2026-05-19T19:22:30.125273+05:30","order_sent":{"request_id":"07043889-69ba-4f7a-8090-62bf281ff619","order_id":"","type":"MARKET","symbol":"TSLA","side":"BUY","quantity":33}}
{"event_type":"order_sent","timestamp":"2026-05-19T19:22:30.125273+05:30","order_sent":{"request_id":"7df48517-247f-45d7-bc9b-c60e60d2baef","order_id":"","type":"LIMIT","symbol":"AMZN","side":"SELL","price":625.12,"quantity":9}}
{"event_type":"order_sent","timestamp":"2026-05-19T19:22:30.125273+05:30","order_sent":{"request_id":"064b9bae-4f57-4a2b-86bb-01c127b64b2e","order_id":"","type":"LIMIT","symbol":"AMZN","side":"BUY","price":234.21,"quantity":68}}
{"event_type":"order_sent","timestamp":"2026-05-19T19:22:30.125273+05:30","order_sent":{"request_id":"c0ddc136-2416-4420-b8f7-c30c0c06abb6","order_id":"","type":"LIMIT","symbol":"AAPL","side":"SELL","price":580.12,"quantity":6}}
{"event_type":"order_sent","timestamp":"2026-05-19T19:22:30.125273+05:30","order_sent":{"request_id":"97ab0555-b9f6-4055-aaa3-14f7546aab85","order_id":"","type":"LIMIT","symbol":"AMZN","side":"SELL","price":456.48,"quantity":97}}
{"event_type":"order_sent","timestamp":"2026-05-19T19:22:30.125273+05:30","order_sent":{"request_id":"04ba3a09-0111-440b-9140-e6443f6a9c0e","order_id":"","type":"LIMIT","symbol":"MSFT","side":"SELL","price":205.22,"quantity":81}}
{"event_type":"order_sent","timestamp":"2026-05-19T19:22:30.125273+05:30","order_sent":{"request_id":"83c2bdd5-29fb-4133-a9ef-b1b008442bad","order_id":"","type":"MARKET","symbol":"TSLA","side":"BUY","quantity":26}}
{"event_type":"order_sent","timestamp":"2026-05-19T19:22:30.1242099+05:30","order_sent":{"request_id":"467646fc-6615-4dcf-835e-8c14b0bcb44e","order_id":"","type":"LIMIT","symbol":"AMZN","side":"BUY","price":880.87,"quantity":43}}
{"event_type":"order_sent","timestamp":"2026-05-19T19:22:30.125273+05:30","order_sent":{"request_id":"0cbcd2b7-823b-4991-918b-355c826a3fef","order_id":"","type":"LIMIT","symbol":"AMZN","side":"SELL","price":471.19,"quantity":76}}
{"event_type":"order_sent","timestamp":"2026-05-19T19:22:30.1242099+05:30","order_sent":{"request_id":"fe15b73f-6f53-4376-8c4b-88d26a8654ef","order_id":"","type":"MARKET","symbol":"MSFT","side":"BUY","quantity":34}}
{"event_type":"order_sent","timestamp":"2026-05-19T19:22:30.125273+05:30","order_sent":{"request_id":"2cb09215-de08-48f1-a4c6-0ae16ef6b8e6","order_id":"","type":"LIMIT","symbol":"MSFT","side":"BUY","price":135.64,"quantity":95}}
{"event_type":"order_sent","timestamp":"2026-05-19T19:22:30.1242099+05:30","order_sent":{"request_id":"6606b317-d99f-4dad-b50e-6360e6825eb0","order_id":"","type":"LIMIT","symbol":"MSFT","side":"SELL","price":626.66,"quantity":62}}
{"event_type":"order_sent","timestamp":"2026-05-19T19:22:30.125273+05:30","order_sent":{"request_id":"cf7ad6dc-ee9a-4bc8-b1cf-81676e5b9785","order_id":"","type":"LIMIT","symbol":"AAPL","side":"SELL","price":322.27,"quantity":60}}
{"event_type":"order_sent","timestamp":"2026-05-19T19:22:30.1242099+05:30","order_sent":{"request_id":"54552760-c7ca-4145-a4d5-271b0d7bf8ea","order_id":"","type":"LIMIT","symbol":"TSLA","side":"SELL","price":602.77,"quantity":50}}
{"event_type":"order_sent","timestamp":"2026-05-19T19:22:30.1247338+05:30","order_sent":{"request_id":"35397bb3-f795-43bf-b1a7-3a7c92f72fbf","order_id":"","type":"LIMIT","symbol":"GOOG","side":"BUY","price":785.55,"quantity":18}}
{"event_type":"order_sent","timestamp":"2026-05-19T19:22:30.1242099+05:30","order_sent":{"request_id":"54ec88d8-3637-45b9-a7cc-67c233b74847","order_id":"","type":"MARKET","symbol":"MSFT","side":"SELL","quantity":4}}
{"event_type":"order_sent","timestamp":"2026-05-19T19:22:30.125273+05:30","order_sent":{"request_id":"7180785f-f1f9-476f-adb2-c124e7be9532","order_id":"ord-6028562298521231757","type":"CANCEL","symbol":"","side":""}}
{"event_type":"order_sent","timestamp":"2026-05-19T19:22:30.125273+05:30","order_sent":{"request_id":"8d10d45f-f242-481b-ba72-a2409d2c83d3","order_id":"","type":"LIMIT","symbol":"MSFT","side":"SELL","price":654.95,"quantity":76}}
{"event_type":"order_sent","timestamp":"2026-05-19T19:22:30.1242099+05:30","order_sent":{"request_id":"0d149b94-dda1-43c3-be61-515a2a849a07","order_id":"","type":"MARKET","symbol":"MSFT","side":"SELL","quantity":14}}
{"event_type":"order_sent","timestamp":"2026-05-19T19:22:30.1242099+05:30","order_sent":{"request_id":"c1919e4b-f8d1-4888-9373-903115d05440","order_id":"","type":"MARKET","symbol":"GOOG","side":"SELL","quantity":1}}
{"event_type":"order_sent","timestamp":"2026-05-19T19:22:30.125273+05:30","order_sent":{"request_id":"0fd383ed-1143-4e26-9c94-650bfad65995","order_id":"ord-6261765934558349788","type":"CANCEL","symbol":"","side":""}}
{"event_type":"order_sent","timestamp":"2026-05-19T19:22:30.125273+05:30","order_sent":{"request_id":"40974536-c16b-4057-b918-c9b25b1fbd73","order_id":"","type":"MARKET","symbol":"GOOG","side":"SELL","quantity":11}}
{"event_type":"order_sent","timestamp":"2026-05-19T19:22:30.1242099+05:30","order_sent":{"request_id":"be8c524c-b3e9-477f-9a3d-f15eba1400db","order_id":"","type":"LIMIT","symbol":"GOOG","side":"BUY","price":217.18,"quantity":78}}
{"event_type":"order_sent","timestamp":"2026-05-19T19:22:30.125273+05:30","order_sent":{"request_id":"f663d909-a692-4936-81f1-02eee208ddf9","order_id":"","type":"LIMIT","symbol":"TSLA","side":"SELL","price":601.27,"quantity":37}}
{"event_type":"order_sent","timestamp":"2026-05-19T19:22:30.1242099+05:30","order_sent":{"request_id":"9c630237-d0a9-4bdc-ae21-fa23e97914c9","order_id":"","type":"LIMIT","symbol":"AMZN","side":"BUY","price":382.88,"quantity":44}}
{"event_type":"order_sent","timestamp":"2026-05-19T19:22:30.1242099+05:30","order_sent":{"request_id":"1b0251df-ce33-4a86-b7b5-e52fd8430b6a","order_id":"","type":"MARKET","symbol":"GOOG","side":"BUY","quantity":14}}
{"event_type":"order_sent","timestamp":"2026-05-19T19:22:30.125273+05:30","order_sent":{"request_id":"a8438f0b-716d-4516-a4bf-405605023ce6","order_id":"","type":"LIMIT","symbol":"MSFT","side":"BUY","price":985.44,"quantity":51}}
{"event_type":"order_sent","timestamp":"2026-05-19T19:22:30.1242099+05:30","order_sent":{"request_id":"ffe7ce3a-1006-4344-bf4d-705b705316cc","order_id":"","type":"LIMIT","symbol":"MSFT","side":"SELL","price":781.65,"quantity":93}}
{"event_type":"order_sent","timestamp":"2026-05-19T19:22:30.125273+05:30","order_sent":{"request_id":"862357e2-b708-4c28-bcff-6a1af7c2cc53","order_id":"","type":"LIMIT","symbol":"AAPL","side":"BUY","price":182.07,"quantity":1}}
{"event_type":"order_sent","timestamp":"2026-05-19T19:22:30.1242099+05:30","order_sent":{"request_id":"2d6b2acc-8ca3-47f6-b6d0-21f5aad54a62","order_id":"","type":"MARKET","symbol":"AAPL","side":"BUY","quantity":46}}
{"event_type":"order_sent","timestamp":"2026-05-19T19:22:30.125273+05:30","order_sent":{"request_id":"3515aaef-b898-4c68-9bd1-1b30d6934f0d","order_id":"","type":"LIMIT","symbol":"GOOG","side":"SELL","price":122.66,"quantity":42}}
{"event_type":"order_sent","timestamp":"2026-05-19T19:22:30.1242099+05:30","order_sent":{"request_id":"30a6aef2-96f3-4a1d-821d-bc15ca65f53d","order_id":"","type":"MARKET","symbol":"MSFT","side":"BUY","quantity":34}}
{"event_type":"order_sent","timestamp":"2026-05-19T19:22:30.125273+05:30","order_sent":{"request_id":"6e1f1b06-b888-4842-801f-365cfcc12c8d","order_id":"","type":"MARKET","symbol":"AAPL","side":"BUY","quantity":8}}
{"event_type":"order_sent","timestamp":"2026-05-19T19:22:30.1242099+05:30","order_sent":{"request_id":"759db654-5d2d-4cb7-81d1-9217d8144245","order_id":"ord-1257146088344978547","type":"CANCEL","symbol":"","side":""}}
{"event_type":"order_sent","timestamp":"2026-05-19T19:22:30.125273+05:30","order_sent":{"request_id":"33daeb54-648b-4922-a9f7-9ff1ff1dd642","order_id":"","type":"MARKET","symbol":"AMZN","side":"SELL","quantity":50}}
{"event_type":"order_sent","timestamp":"2026-05-19T19:22:30.1242099+05:30","order_sent":{"request_id":"0afc4f0c-0ccc-433e-834b-7b88610a034b","order_id":"","type":"LIMIT","symbol":"AMZN","side":"BUY","price":636.43,"quantity":55}}
{"event_type":"order_sent","timestamp":"2026-05-19T19:22:30.125273+05:30","order_sent":{"request_id":"59054b2c-542a-45f3-93c2-d294f3fccf20","order_id":"","type":"LIMIT","symbol":"MSFT","side":"SELL","price":774.32,"quantity":54}}
{"event_type":"order_sent","timestamp":"2026-05-19T19:22:30.1242099+05:30","order_sent":{"request_id":"a92e1353-e58d-4227-9540-3e553013fc83","order_id":"","type":"LIMIT","symbol":"TSLA","side":"BUY","price":486.3,"quantity":4}}
{"event_type":"order_sent","timestamp":"2026-05-19T19:22:30.1242099+05:30","order_sent":{"request_id":"53e470d2-8056-49d4-a911-47f54b6a2d55","order_id":"","type":"LIMIT","symbol":"TSLA","side":"SELL","price":186.54,"quantity":55}}
{"event_type":"order_sent","timestamp":"2026-05-19T19:22:30.125273+05:30","order_sent":{"request_id":"af53ab91-6ac8-410f-b1b9-8020d73fe140","order_id":"","type":"LIMIT","symbol":"GOOG","side":"SELL","price":630.21,"quantity":79}}
{"event_type":"order_sent","timestamp":"2026-05-19T19:22:30.125273+05:30","order_sent":{"request_id":"28731347-a812-4232-8019-3c7bad0d0bde","order_id":"","type":"MARKET","symbol":"AAPL","side":"SELL","quantity":11}}
{"event_type":"order_sent","timestamp":"2026-05-19T19:22:30.1242099+05:30","order_sent":{"request_id":"493288f8-4422-4c34-80a2-7813463b5160","order_id":"","type":"MARKET","symbol":"TSLA","side":"BUY","quantity":19}}
{"event_type":"order_sent","timestamp":"2026-05-19T19:22:30.125273+05:30","order_sent":{"request_id":"fdc30d0e-10a9-4253-bef5-1c2403455b45","order_id":"","type":"LIMIT","symbol":"GOOG","side":"SELL","price":961.56,"quantity":83}}
{"event_type":"order_sent","timestamp":"2026-05-19T19:22:30.125273+05:30","order_sent":{"request_id":"1fc8fc52-e2b5-4b6b-97f8-b1fcd97b3dc4","order_id":"","type":"LIMIT","symbol":"AMZN","side":"BUY","price":438.93,"quantity":68}}
{"event_type":"order_sent","timestamp":"2026-05-19T19:22:30.125273+05:30","order_sent":{"request_id":"96947abd-aba2-4355-baf8-f49e72c88422","order_id":"","type":"LIMIT","symbol":"AMZN","side":"SELL","price":502.03,"quantity":34}}
{"event_type":"order_sent","timestamp":"2026-05-19T19:22:30.1247338+05:30","order_sent":{"request_id":"17c2491c-3dbb-4a76-b9b9-6e87586f4581","order_id":"ord-3256490484247187419","type":"CANCEL","symbol":"","side":""}}
{"event_type":"order_sent","timestamp":"2026-05-19T19:22:30.125273+05:30","order_sent":{"request_id":"669aa459-7249-40fc-a7be-62e9f33f863e","order_id":"","type":"LIMIT","symbol":"AMZN","side":"SELL","price":548.12,"quantity":57}}
{"event_type":"order_sent","timestamp":"2026-05-19T19:22:30.1247338+05:30","order_sent":{"request_id":"8e9441a5-2f5f-4ef5-a5de-1776fceeb021","order_id":"","type":"LIMIT","symbol":"MSFT","side":"BUY","price":479.18,"quantity":97}}
{"event_type":"order_sent","timestamp":"2026-05-19T19:22:30.1247338+05:30","order_sent":{"request_id":"e52a3b8c-bad5-41d0-8856-4d597e6a5caa","order_id":"ord-8123171580106684526","type":"CANCEL","symbol":"","side":""}}
{"event_type":"order_sent","timestamp":"2026-05-19T19:22:30.125273+05:30","order_sent":{"request_id":"8a48b365-4972-4a75-b0d4-bb596a2264c4","order_id":"ord-1820145744489182050","type":"CANCEL","symbol":"","side":""}}
{"event_type":"order_sent","timestamp":"2026-05-19T19:22:30.125273+05:30","order_sent":{"request_id":"8d2319da-aa7a-4f91-a20d-a796ec643f9a","order_id":"","type":"MARKET","symbol":"AMZN","side":"BUY","quantity":39}}
{"event_type":"order_sent","timestamp":"2026-05-19T19:22:30.125273+05:30","order_sent":{"request_id":"f35f294c-99ee-4958-bbb3-7f2dd119b76d","order_id":"ord-7682248136973862840","type":"CANCEL","symbol":"","side":""}}
{"event_type":"order_sent","timestamp":"2026-05-19T19:22:30.1247338+05:30","order_sent":{"request_id":"0846f4ad-48aa-41b6-99b7-4447e42494bd","order_id":"ord-2877593329979790759","type":"CANCEL","symbol":"","side":""}}
{"event_type":"order_sent","timestamp":"2026-05-19T19:22:30.125273+05:30","order_sent":{"request_id":"6052c2ec-c72c-443d-aec3-592b672aed39","order_id":"","type":"LIMIT","symbol":"AMZN","side":"SELL","price":317.53,"quantity":25}}
{"event_type":"order_sent","timestamp":"2026-05-19T19:22:30.125273+05:30","order_sent":{"request_id":"31b0de4f-ff21-414b-964a-455f9f842237","order_id":"","type":"LIMIT","symbol":"MSFT","side":"BUY","price":921.05,"quantity":2}}
{"event_type":"order_sent","timestamp":"2026-05-19T19:22:30.125273+05:30","order_sent":{"request_id":"5ac047ba-5b31-4089-bc82-d2ac284af08a","order_id":"","type":"MARKET","symbol":"AMZN","side":"SELL","quantity":29}}
{"event_type":"order_sent","timestamp":"2026-05-19T19:22:30.1247338+05:30","order_sent":{"request_id":"74213752-35a7-48f1-a07f-7207654e082f","order_id":"","type":"LIMIT","symbol":"TSLA","side":"SELL","price":626.77,"quantity":32}}
{"event_type":"order_sent","timestamp":"2026-05-19T19:22:30.125273+05:30","order_sent":{"request_id":"16cb526d-90ea-4b6f-892f-e6729e235d26","order_id":"","type":"LIMIT","symbol":"TSLA","side":"SELL","price":971.02,"quantity":16}}
{"event_type":"order_sent","timestamp":"2026-05-19T19:22:30.1258088+05:30","order_sent":{"request_id":"ca8aac5f-c1eb-4d70-ad2d-b70d8493c048","order_id":"","type":"MARKET","symbol":"AAPL","side":"SELL","quantity":29}}
{"event_type":"order_sent","timestamp":"2026-05-19T19:22:30.125273+05:30","order_sent":{"request_id":"bb924645-da15-4c69-a21d-6e89697d921a","order_id":"","type":"LIMIT","symbol":"GOOG","side":"SELL","price":570.88,"quantity":87}}
{"event_type":"order_sent","timestamp":"2026-05-19T19:22:30.1247338+05:30","order_sent":{"request_id":"32f3125d-adb4-4cc2-9c38-545ec549f456","order_id":"","type":"LIMIT","symbol":"GOOG","side":"SELL","price":488.83,"quantity":33}}
{"event_type":"order_sent","timestamp":"2026-05-19T19:22:30.125273+05:30","order_sent":{"request_id":"4e5d0f4f-f066-435b-a49b-01cbf84d96c8","order_id":"","type":"MARKET","symbol":"GOOG","side":"BUY","quantity":30}}
{"event_type":"order_sent","timestamp":"2026-05-19T19:22:30.1242099+05:30","order_sent":{"request_id":"b734b0dc-6815-4601-b157-2f1c5a7ee8bf","order_id":"","type":"MARKET","symbol":"AAPL","side":"BUY","quantity":5}}
{"event_type":"order_sent","timestamp":"2026-05-19T19:22:30.125273+05:30","order_sent":{"request_id":"acd24cac-3c86-4e17-ad69-f0a594169153","order_id":"","type":"LIMIT","symbol":"GOOG","side":"BUY","price":408.04,"quantity":15}}
{"event_type":"order_sent","timestamp":"2026-05-19T19:22:30.1247338+05:30","order_sent":{"request_id":"7c7fa591-08c9-4e25-832d-d4df36d3f252","order_id":"","type":"LIMIT","symbol":"MSFT","side":"BUY","price":108.05,"quantity":61}}
{"event_type":"order_sent","timestamp":"2026-05-19T19:22:30.125273+05:30","order_sent":{"request_id":"cc7113f9-4019-4265-8d61-1d9b1fb11a28","order_id":"","type":"LIMIT","symbol":"AAPL","side":"SELL","price":952.31,"quantity":46}}
{"event_type":"order_sent","timestamp":"2026-05-19T19:22:30.1258088+05:30","order_sent":{"request_id":"353d6398-4a83-4fb6-8322-3fda946060a0","order_id":"","type":"LIMIT","symbol":"TSLA","side":"SELL","price":649.01,"quantity":27}}
{"event_type":"order_sent","timestamp":"2026-05-19T19:22:30.1258088+05:30","order_sent":{"request_id":"df28e217-f192-4dc4-9733-df3d65fe80a0","order_id":"","type":"MARKET","symbol":"AAPL","side":"SELL","quantity":20}}
{"event_type":"order_sent","timestamp":"2026-05-19T19:22:30.1247338+05:30","order_sent":{"request_id":"6c9ed41c-4475-4c52-b221-dcade361d539","order_id":"","type":"LIMIT","symbol":"MSFT","side":"SELL","price":621.65,"quantity":25}}
{"event_type":"order_sent","timestamp":"2026-05-19T19:22:30.1247338+05:30","order_sent":{"request_id":"f0de1365-75c3-4047-aaea-1944ada3dc5d","order_id":"","type":"MARKET","symbol":"GOOG","side":"BUY","quantity":13}}
{"event_type":"order_sent","timestamp":"2026-05-19T19:22:30.1258088+05:30","order_sent":{"request_id":"0fe1c600-f58a-4515-9af1-916b0a7614f0","order_id":"","type":"MARKET","symbol":"GOOG","side":"BUY","quantity":28}}
{"event_type":"order_sent","timestamp":"2026-05-19T19:22:30.1258088+05:30","order_sent":{"request_id":"e4caa0bc-e4db-4cbe-8ab5-096025f6bb4c","order_id":"","type":"LIMIT","symbol":"MSFT","side":"BUY","price":377.39,"quantity":54}}
{"event_type":"order_acked","timestamp":"2026-05-19T19:22:30.1426014+05:30","order_acked":{"request_id":"b36d0879-efb3-410f-b297-ea3aa9b2b470","status_code":201}}
{"event_type":"order_acked","timestamp":"2026-05-19T19:22:30.1426014+05:30","order_acked":{"request_id":"a6ae54f8-0cd3-4e90-96e4-c817ab3adf49","status_code":201}}
{"event_type":"order_acked","timestamp":"2026-05-19T19:22:30.1440099+05:30","order_acked":{"request_id":"5790a6aa-f44c-4c99-8e23-a4ae3ce35ddd","status_code":201}}
{"event_type":"order_acked","timestamp":"2026-05-19T19:22:30.145224+05:30","order_acked":{"request_id":"83c2bdd5-29fb-4133-a9ef-b1b008442bad","status_code":201}}
{"event_type":"order_acked","timestamp":"2026-05-19T19:22:30.1457451+05:30","order_acked":{"request_id":"da1bc9d8-49a1-414d-9e43-44a8132454ea","status_code":201}}
{"event_type":"execution_report","timestamp":"2026-05-19T19:22:30.1498552+05:30","execution":{"order_id":"19e4ebd3-6eed-40ed-8a4e-54ebcd75299c","symbol":"MSFT","side":"BUY","status":"filled","filled_qty":43,"leaves_qty":0,"price":864.52,"timestamp":"2026-05-19T13:52:30Z","match_id":"dee85fdc-2b61-4e79-a2a4-cec1956f1288"}}
{"event_type":"execution_report","timestamp":"2026-05-19T19:22:30.1525707+05:30","execution":{"order_id":"e3bb5a2f-9015-4307-b575-8b32d243a415","symbol":"AAPL","side":"BUY","status":"filled","filled_qty":22,"leaves_qty":0,"price":174.64,"timestamp":"2026-05-19T13:52:30Z","match_id":"b70243c3-eafc-49ea-a10f-652eba67a661"}}
{"event_type":"order_acked","timestamp":"2026-05-19T19:22:30.1704017+05:30","order_acked":{"request_id":"f4ed923b-40bd-4edc-a40a-6e76c03b9caa","status_code":201}}
{"event_type":"order_acked","timestamp":"2026-05-19T19:22:30.170919+05:30","order_acked":{"request_id":"064b9bae-4f57-4a2b-86bb-01c127b64b2e","status_code":201}}
{"event_type":"order_acked","timestamp":"2026-05-19T19:22:30.1724929+05:30","order_acked":{"request_id":"93144dd9-34e8-4e04-a494-514071d4cb65","status_code":201}}
{"event_type":"order_acked","timestamp":"2026-05-19T19:22:30.1758192+05:30","order_acked":{"request_id":"b0939042-2d58-4995-b5fb-cb178dbdc988","status_code":201}}
{"event_type":"execution_report","timestamp":"2026-05-19T19:22:30.1791083+05:30","execution":{"order_id":"2242c389-67cb-4068-a31e-31c20af2489f","symbol":"AMZN","side":"BUY","status":"filled","filled_qty":68,"leaves_qty":0,"price":234.21,"timestamp":"2026-05-19T13:52:30Z","match_id":"f67f519f-9dc4-4538-9574-9aeb15bbb268"}}
{"event_type":"order_acked","timestamp":"2026-05-19T19:22:30.1802103+05:30","order_acked":{"request_id":"6cc03b93-e471-46cb-bb47-2aa68be3fff9","status_code":201}}
{"event_type":"execution_report","timestamp":"2026-05-19T19:22:30.1813026+05:30","execution":{"order_id":"28bd83bf-9f75-48f3-8045-404afc6a3fd3","symbol":"MSFT","side":"SELL","status":"filled","filled_qty":13,"leaves_qty":0,"price":278.36,"timestamp":"2026-05-19T13:52:30Z","match_id":"b92b5b27-ca40-4504-a2a1-1c17d7cbdc26"}}
{"event_type":"order_acked","timestamp":"2026-05-19T19:22:30.1839452+05:30","order_acked":{"request_id":"72bb082c-95bf-4886-a8ad-2b032198cfdc","status_code":201}}
{"event_type":"order_acked","timestamp":"2026-05-19T19:22:30.1855149+05:30","order_acked":{"request_id":"b91330e9-262d-4ff0-a263-810e8c4f5a05","status_code":201}}
{"event_type":"order_acked","timestamp":"2026-05-19T19:22:30.1855149+05:30","order_acked":{"request_id":"c9c38358-9fc9-4247-9bf3-a34a884d2aa8","status_code":200}}
{"event_type":"execution_report","timestamp":"2026-05-19T19:22:30.1865939+05:30","execution":{"order_id":"afb68e91-a364-434b-80b0-799b10b6f8c2","symbol":"MSFT","side":"SELL","status":"filled","filled_qty":72,"leaves_qty":0,"price":765.91,"timestamp":"2026-05-19T13:52:30Z","match_id":"863a87ae-6283-4661-85c1-f03838aee5ea"}}
{"event_type":"order_acked","timestamp":"2026-05-19T19:22:30.1876767+05:30","order_acked":{"request_id":"4997fb81-e467-4d1c-9490-c2487707387e","status_code":201}}
{"event_type":"order_acked","timestamp":"2026-05-19T19:22:30.1882032+05:30","order_acked":{"request_id":"20562850-eb5a-45af-9522-041c9cbc529a","status_code":201}}
{"event_type":"execution_report","timestamp":"2026-05-19T19:22:30.1887658+05:30","execution":{"order_id":"61d37ec1-f3ed-4175-8ded-1850fc1b69a4","symbol":"GOOG","side":"BUY","status":"filled","filled_qty":33,"leaves_qty":0,"price":754.75,"timestamp":"2026-05-19T13:52:30Z","match_id":"ca510dc0-66ec-452f-8e53-8439f04c0e8e"}}
{"event_type":"order_acked","timestamp":"2026-05-19T19:22:30.189279+05:30","order_acked":{"request_id":"04ba3a09-0111-440b-9140-e6443f6a9c0e","status_code":201}}
{"event_type":"execution_report","timestamp":"2026-05-19T19:22:30.1925208+05:30","execution":{"order_id":"c8a930a8-4643-423e-a660-85e938a03fe4","symbol":"MSFT","side":"BUY","status":"filled","filled_qty":3,"leaves_qty":0,"price":385.7,"timestamp":"2026-05-19T13:52:30Z","match_id":"35c9034a-2177-45b9-8485-2504e9b527eb"}}
{"event_type":"order_acked","timestamp":"2026-05-19T19:22:30.1942258+05:30","order_acked":{"request_id":"550e4736-5d0b-4449-b1e7-b5114db7c00b","status_code":201}}
{"event_type":"order_acked","timestamp":"2026-05-19T19:22:30.1958283+05:30","order_acked":{"request_id":"467646fc-6615-4dcf-835e-8c14b0bcb44e","status_code":201}}
{"event_type":"execution_report","timestamp":"2026-05-19T19:22:30.1985973+05:30","execution":{"order_id":"7f6c0e98-17e3-42e4-9f0a-672629efe050","symbol":"MSFT","side":"SELL","status":"filled","filled_qty":81,"leaves_qty":0,"price":205.22,"timestamp":"2026-05-19T13:52:30Z","match_id":"fa0ed6a5-da5a-4267-ab11-b84d50ef4697"}}
{"event_type":"order_acked","timestamp":"2026-05-19T19:22:30.1996901+05:30","order_acked":{"request_id":"a8438f0b-716d-4516-a4bf-405605023ce6","status_code":201}}
{"event_type":"execution_report","timestamp":"2026-05-19T19:22:30.2068888+05:30","execution":{"order_id":"23da01e6-4971-42ef-a8f1-a56f4e00a3e1","symbol":"AMZN","side":"BUY","status":"filled","filled_qty":43,"leaves_qty":0,"price":880.87,"timestamp":"2026-05-19T13:52:30Z","match_id":"c11c6c35-b8fb-46a0-90d1-071fdcc7a533"}}
{"event_type":"order_acked","timestamp":"2026-05-19T19:22:30.2084917+05:30","order_acked":{"request_id":"c0ddc136-2416-4420-b8f7-c30c0c06abb6","status_code":201}}
{"event_type":"execution_report","timestamp":"2026-05-19T19:22:30.2090449+05:30","execution":{"order_id":"3f6491b1-fb35-46f4-bdeb-07ad79836c91","symbol":"MSFT","side":"BUY","status":"filled","filled_qty":51,"leaves_qty":0,"price":985.44,"timestamp":"2026-05-19T13:52:30Z","match_id":"6da98a96-5747-4b54-8f1e-5a0d0f741614"}}
{"event_type":"order_acked","timestamp":"2026-05-19T19:22:30.2107197+05:30","order_acked":{"request_id":"2c7ab2c5-94ad-41f3-8ca9-759e3513caf6","status_code":201}}
{"event_type":"order_acked","timestamp":"2026-05-19T19:22:30.2117655+05:30","order_acked":{"request_id":"23141161-d323-403b-9588-baa249d0c1ae","status_code":200}}
{"event_type":"execution_report","timestamp":"2026-05-19T19:22:30.2130278+05:30","execution":{"order_id":"294f78b1-a195-4296-a9d3-73deed05dae4","symbol":"AMZN","side":"BUY","status":"filled","filled_qty":38,"leaves_qty":0,"price":512.46,"timestamp":"2026-05-19T13:52:30Z","match_id":"0e1f8c28-3131-4b0b-80d9-b3bfa0624c77"}}
{"event_type":"execution_report","timestamp":"2026-05-19T19:22:30.2130278+05:30","execution":{"order_id":"f1225384-73bb-40e7-af63-d874601c444e","symbol":"AAPL","side":"SELL","status":"filled","filled_qty":6,"leaves_qty":0,"price":580.12,"timestamp":"2026-05-19T13:52:30Z","match_id":"93f68d74-ad35-4b47-b855-c1ab4b132860"}}
{"event_type":"order_acked","timestamp":"2026-05-19T19:22:30.2152081+05:30","order_acked":{"request_id":"07043889-69ba-4f7a-8090-62bf281ff619","status_code":201}}
{"event_type":"order_acked","timestamp":"2026-05-19T19:22:30.2168026+05:30","order_acked":{"request_id":"e95683e7-79c8-46f3-8349-43b1aafbfa1a","status_code":201}}
{"event_type":"order_acked","timestamp":"2026-05-19T19:22:30.2173192+05:30","order_acked":{"request_id":"0cbcd2b7-823b-4991-918b-355c826a3fef","status_code":201}}
{"event_type":"order_acked","timestamp":"2026-05-19T19:22:30.2184468+05:30","order_acked":{"request_id":"546d05bd-bd0e-4475-b931-26daa1ce92c7","status_code":201}}
{"event_type":"execution_report","timestamp":"2026-05-19T19:22:30.2206292+05:30","execution":{"order_id":"414c6f48-dca3-4b70-946e-10ea3582864b","symbol":"AMZN","side":"SELL","status":"filled","filled_qty":76,"leaves_qty":0,"price":471.19,"timestamp":"2026-05-19T13:52:30Z","match_id":"d8b46923-7d53-48f7-94f3-b854b775575c"}}
{"event_type":"order_acked","timestamp":"2026-05-19T19:22:30.2217589+05:30","order_acked":{"request_id":"fe15b73f-6f53-4376-8c4b-88d26a8654ef","status_code":201}}
{"event_type":"order_acked","timestamp":"2026-05-19T19:22:30.224031+05:30","order_acked":{"request_id":"6ecb9def-514a-4706-9684-634c687bf576","status_code":201}}
{"event_type":"order_acked","timestamp":"2026-05-19T19:22:30.2256311+05:30","order_acked":{"request_id":"97ab0555-b9f6-4055-aaa3-14f7546aab85","status_code":201}}
{"event_type":"order_acked","timestamp":"2026-05-19T19:22:30.2288518+05:30","order_acked":{"request_id":"50f0275f-da18-438f-9682-9294264832f3","status_code":201}}
{"event_type":"order_acked","timestamp":"2026-05-19T19:22:30.230402+05:30","order_acked":{"request_id":"6ae213c1-0f4f-4a6e-a111-59003058131c","status_code":201}}
{"event_type":"execution_report","timestamp":"2026-05-19T19:22:30.2320007+05:30","execution":{"order_id":"416d7152-87cb-4750-a7f4-5e4f342c0a95","symbol":"AMZN","side":"SELL","status":"filled","filled_qty":97,"leaves_qty":0,"price":456.48,"timestamp":"2026-05-19T13:52:30Z","match_id":"731145f2-eef1-4705-9748-bcf4a2038f1c"}}
{"event_type":"order_acked","timestamp":"2026-05-19T19:22:30.2341266+05:30","order_acked":{"request_id":"fa4820e8-8a4e-486c-b59c-79e70f698ecd","status_code":201}}
{"event_type":"order_acked","timestamp":"2026-05-19T19:22:30.235718+05:30","order_acked":{"request_id":"7df48517-247f-45d7-bc9b-c60e60d2baef","status_code":201}}
{"event_type":"order_acked","timestamp":"2026-05-19T19:22:30.2368662+05:30","order_acked":{"request_id":"d3a2c170-6209-46fe-aa95-101a9a138e72","status_code":201}}
{"event_type":"order_acked","timestamp":"2026-05-19T19:22:30.2396108+05:30","order_acked":{"request_id":"862357e2-b708-4c28-bcff-6a1af7c2cc53","status_code":201}}
{"event_type":"execution_report","timestamp":"2026-05-19T19:22:30.2396108+05:30","execution":{"order_id":"f710ed2d-7538-4d77-88de-c89693bef4de","symbol":"AAPL","side":"SELL","status":"filled","filled_qty":77,"leaves_qty":0,"price":404.89,"timestamp":"2026-05-19T13:52:30Z","match_id":"4dbb9f32-6fac-41e3-9994-f7fd55b3d29d"}}
{"event_type":"execution_report","timestamp":"2026-05-19T19:22:30.2411921+05:30","execution":{"order_id":"b30e7427-3fe8-4ef1-aa54-ab499d1ca667","symbol":"GOOG","side":"BUY","status":"filled","filled_qty":73,"leaves_qty":0,"price":678.86,"timestamp":"2026-05-19T13:52:30Z","match_id":"8f28d6c3-e195-4ca2-ae4c-4c80a6ffa8e9"}}
{"event_type":"execution_report","timestamp":"2026-05-19T19:22:30.2417283+05:30","execution":{"order_id":"a21dcd75-ae9f-4c99-992c-de08bc9c85fc","symbol":"GOOG","side":"SELL","status":"filled","filled_qty":88,"leaves_qty":0,"price":504.67,"timestamp":"2026-05-19T13:52:30Z","match_id":"3ecfe6c0-fda8-41f1-83e9-8ff460702e69"}}
{"event_type":"execution_report","timestamp":"2026-05-19T19:22:30.2433575+05:30","execution":{"order_id":"d4a1612c-7c1d-4f59-9249-052bc5ca3511","symbol":"AMZN","side":"SELL","status":"filled","filled_qty":9,"leaves_qty":0,"price":625.12,"timestamp":"2026-05-19T13:52:30Z","match_id":"b7746a39-a1ab-474c-9ccd-26bc8f161c6a"}}
{"event_type":"order_acked","timestamp":"2026-05-19T19:22:30.2439045+05:30","order_acked":{"request_id":"9c630237-d0a9-4bdc-ae21-fa23e97914c9","status_code":201}}
{"event_type":"execution_report","timestamp":"2026-05-19T19:22:30.2455213+05:30","execution":{"order_id":"fc5e9b9a-84a7-46a2-be1b-352f0a2bea23","symbol":"AMZN","side":"SELL","status":"filled","filled_qty":27,"leaves_qty":0,"price":564.86,"timestamp":"2026-05-19T13:52:30Z","match_id":"089fd13e-9057-464e-ba82-810205ed047b"}}
{"event_type":"order_acked","timestamp":"2026-05-19T19:22:30.249324+05:30","order_acked":{"request_id":"e510cd36-e1c6-4457-9bf4-099e9fcb0aa7","status_code":201}}
{"event_type":"execution_report","timestamp":"2026-05-19T19:22:30.249324+05:30","execution":{"order_id":"e7bb1251-8720-404a-83a5-c8623823c2d4","symbol":"AAPL","side":"BUY","status":"filled","filled_qty":1,"leaves_qty":0,"price":182.07,"timestamp":"2026-05-19T13:52:30Z","match_id":"ed07f3bb-ec12-4ded-b986-85b1e94c203b"}}
{"event_type":"order_acked","timestamp":"2026-05-19T19:22:30.2509287+05:30","order_acked":{"request_id":"ed2cb70c-f8c5-4dee-998a-6beb5a3408ec","status_code":201}}
{"event_type":"order_acked","timestamp":"2026-05-19T19:22:30.2520236+05:30","order_acked":{"request_id":"3ade3094-483d-4c98-b752-e950367e257b","status_code":201}}
{"event_type":"execution_report","timestamp":"2026-05-19T19:22:30.2525682+05:30","execution":{"order_id":"f032d8c6-cf4e-45d6-8b6d-fbd3e1f557e8","symbol":"AMZN","side":"BUY","status":"filled","filled_qty":44,"leaves_qty":0,"price":382.88,"timestamp":"2026-05-19T13:52:30Z","match_id":"d05993d0-b7d1-451a-b866-aa688ad377a3"}}
{"event_type":"order_acked","timestamp":"2026-05-19T19:22:30.2563647+05:30","order_acked":{"request_id":"353d6398-4a83-4fb6-8322-3fda946060a0","status_code":201}}
{"event_type":"order_acked","timestamp":"2026-05-19T19:22:30.2574664+05:30","order_acked":{"request_id":"2f792828-b50a-4155-8b94-0d999ccfa148","status_code":201}}
{"event_type":"execution_report","timestamp":"2026-05-19T19:22:30.2596181+05:30","execution":{"order_id":"b7e92570-f810-4511-9ba3-2d232ff7eecf","symbol":"MSFT","side":"SELL","status":"filled","filled_qty":79,"leaves_qty":0,"price":981.18,"timestamp":"2026-05-19T13:52:30Z","match_id":"94ca1fbe-25e8-4458-9285-cb90786515bd"}}
{"event_type":"order_acked","timestamp":"2026-05-19T19:22:30.2601714+05:30","order_acked":{"request_id":"c1919e4b-f8d1-4888-9373-903115d05440","status_code":201}}
{"event_type":"order_acked","timestamp":"2026-05-19T19:22:30.2607074+05:30","order_acked":{"request_id":"35397bb3-f795-43bf-b1a7-3a7c92f72fbf","status_code":201}}
{"event_type":"order_acked","timestamp":"2026-05-19T19:22:30.2628374+05:30","order_acked":{"request_id":"7e83b7bc-1fb0-4717-bd56-8ec0c99169ef","status_code":201}}
{"event_type":"order_acked","timestamp":"2026-05-19T19:22:30.2650541+05:30","order_acked":{"request_id":"40974536-c16b-4057-b918-c9b25b1fbd73","status_code":201}}
{"event_type":"execution_report","timestamp":"2026-05-19T19:22:30.2667087+05:30","execution":{"order_id":"e8c0a493-88d9-4ffa-b139-9e4cdaf31d41","symbol":"TSLA","side":"SELL","status":"filled","filled_qty":27,"leaves_qty":0,"price":649.01,"timestamp":"2026-05-19T13:52:30Z","match_id":"a61a6a3f-9edb-45c8-96a8-0265edca8e74"}}
{"event_type":"order_acked","timestamp":"2026-05-19T19:22:30.2678321+05:30","order_acked":{"request_id":"6606b317-d99f-4dad-b50e-6360e6825eb0","status_code":201}}
{"event_type":"execution_report","timestamp":"2026-05-19T19:22:30.2683635+05:30","execution":{"order_id":"b1a5bc58-a70d-4303-8382-c1307717ea09","symbol":"GOOG","side":"BUY","status":"filled","filled_qty":18,"leaves_qty":0,"price":785.55,"timestamp":"2026-05-19T13:52:30Z","match_id":"b07ae13a-7c78-4f26-9d11-427117be6ada"}}
{"event_type":"order_acked","timestamp":"2026-05-19T19:22:30.2700301+05:30","order_acked":{"request_id":"53e470d2-8056-49d4-a911-47f54b6a2d55","status_code":201}}
{"event_type":"order_acked","timestamp":"2026-05-19T19:22:30.271086+05:30","order_acked":{"request_id":"759db654-5d2d-4cb7-81d1-9217d8144245","status_code":200}}
{"event_type":"execution_report","timestamp":"2026-05-19T19:22:30.2747704+05:30","execution":{"order_id":"a6ba4cd2-cdd4-4c81-aafe-3f18ac9575d7","symbol":"MSFT","side":"SELL","status":"filled","filled_qty":62,"leaves_qty":0,"price":626.66,"timestamp":"2026-05-19T13:52:30Z","match_id":"3811700f-3398-4aaa-b849-7fff316b01bb"}}
{"event_type":"order_acked","timestamp":"2026-05-19T19:22:30.2753784+05:30","order_acked":{"request_id":"a92e1353-e58d-4227-9540-3e553013fc83","status_code":201}}
{"event_type":"order_acked","timestamp":"2026-05-19T19:22:30.2836042+05:30","order_acked":{"request_id":"be8c524c-b3e9-477f-9a3d-f15eba1400db","status_code":201}}
{"event_type":"order_acked","timestamp":"2026-05-19T19:22:30.2836042+05:30","order_acked":{"request_id":"28731347-a812-4232-8019-3c7bad0d0bde","status_code":201}}
{"event_type":"execution_report","timestamp":"2026-05-19T19:22:30.2841113+05:30","execution":{"order_id":"f1f24211-328f-45f6-87fb-00c1863f341d","symbol":"TSLA","side":"SELL","status":"filled","filled_qty":55,"leaves_qty":0,"price":186.54,"timestamp":"2026-05-19T13:52:30Z","match_id":"61fcb40f-351e-4d92-8b74-cd9020b11385"}}
{"event_type":"execution_report","timestamp":"2026-05-19T19:22:30.2904106+05:30","execution":{"order_id":"3cebd8aa-d87d-4666-af99-4c7e8c96704f","symbol":"TSLA","side":"BUY","status":"filled","filled_qty":4,"leaves_qty":0,"price":486.3,"timestamp":"2026-05-19T13:52:30Z","match_id":"40faf0c9-2ae3-4634-b79c-a5e47e7cd7f5"}}
{"event_type":"execution_report","timestamp":"2026-05-19T19:22:30.2969069+05:30","execution":{"order_id":"5b16cd2f-2c1c-44d8-9f50-18a719690e4b","symbol":"GOOG","side":"SELL","status":"filled","filled_qty":42,"leaves_qty":0,"price":122.66,"timestamp":"2026-05-19T13:52:30Z","match_id":"d981247b-56cc-473c-a85e-8f9ec2d78320"}}
{"event_type":"order_acked","timestamp":"2026-05-19T19:22:30.2969069+05:30","order_acked":{"request_id":"3515aaef-b898-4c68-9bd1-1b30d6934f0d","status_code":201}}
{"event_type":"order_acked","timestamp":"2026-05-19T19:22:30.2969069+05:30","order_acked":{"request_id":"54552760-c7ca-4145-a4d5-271b0d7bf8ea","status_code":201}}
{"event_type":"execution_report","timestamp":"2026-05-19T19:22:30.2976679+05:30","execution":{"order_id":"a18fdd15-a8ea-42d9-8d41-470eea0faad8","symbol":"GOOG","side":"BUY","status":"filled","filled_qty":78,"leaves_qty":0,"price":217.18,"timestamp":"2026-05-19T13:52:30Z","match_id":"a7f9f3a4-f0da-415d-acf9-968205293210"}}
{"event_type":"order_acked","timestamp":"2026-05-19T19:22:30.3003387+05:30","order_acked":{"request_id":"6e1f1b06-b888-4842-801f-365cfcc12c8d","status_code":201}}
{"event_type":"execution_report","timestamp":"2026-05-19T19:22:30.3016332+05:30","execution":{"order_id":"1bd7ddf2-1e8d-4976-9e8e-75591cfdb2ec","symbol":"TSLA","side":"SELL","status":"filled","filled_qty":50,"leaves_qty":0,"price":602.77,"timestamp":"2026-05-19T13:52:30Z","match_id":"dd46ffd1-8e97-41bb-bf86-8838f8f82777"}}
{"event_type":"order_acked","timestamp":"2026-05-19T19:22:30.30382+05:30","order_acked":{"request_id":"30a6aef2-96f3-4a1d-821d-bc15ca65f53d","status_code":201}}
{"event_type":"order_acked","timestamp":"2026-05-19T19:22:30.3050787+05:30","order_acked":{"request_id":"f663d909-a692-4936-81f1-02eee208ddf9","status_code":201}}
{"event_type":"order_acked","timestamp":"2026-05-19T19:22:30.3061582+05:30","order_acked":{"request_id":"2d6b2acc-8ca3-47f6-b6d0-21f5aad54a62","status_code":201}}
{"event_type":"order_acked","timestamp":"2026-05-19T19:22:30.3072964+05:30","order_acked":{"request_id":"59054b2c-542a-45f3-93c2-d294f3fccf20","status_code":201}}
{"event_type":"execution_report","timestamp":"2026-05-19T19:22:30.3110411+05:30","execution":{"order_id":"33e7d1f1-75d7-4506-9e91-1581674dcb32","symbol":"TSLA","side":"SELL","status":"filled","filled_qty":37,"leaves_qty":0,"price":601.27,"timestamp":"2026-05-19T13:52:30Z","match_id":"6660dc10-a201-44c2-884a-dde6e5a99ce2"}}
{"event_type":"order_acked","timestamp":"2026-05-19T19:22:30.3142947+05:30","order_acked":{"request_id":"1b0251df-ce33-4a86-b7b5-e52fd8430b6a","status_code":201}}
{"event_type":"order_acked","timestamp":"2026-05-19T19:22:30.3142947+05:30","order_acked":{"request_id":"6052c2ec-c72c-443d-aec3-592b672aed39","status_code":201}}
{"event_type":"execution_report","timestamp":"2026-05-19T19:22:30.3153809+05:30","execution":{"order_id":"b33532f7-7382-4eaa-a3b9-ba2ac2bce553","symbol":"MSFT","side":"SELL","status":"filled","filled_qty":54,"leaves_qty":0,"price":774.32,"timestamp":"2026-05-19T13:52:30Z","match_id":"2755c687-115c-4693-bb99-b2f0732eedd2"}}
{"event_type":"order_acked","timestamp":"2026-05-19T19:22:30.3175455+05:30","order_acked":{"request_id":"74213752-35a7-48f1-a07f-7207654e082f","status_code":201}}
{"event_type":"order_acked","timestamp":"2026-05-19T19:22:30.3180799+05:30","order_acked":{"request_id":"493288f8-4422-4c34-80a2-7813463b5160","status_code":201}}
{"event_type":"order_acked","timestamp":"2026-05-19T19:22:30.3192184+05:30","order_acked":{"request_id":"54ec88d8-3637-45b9-a7cc-67c233b74847","status_code":201}}
{"event_type":"order_acked","timestamp":"2026-05-19T19:22:30.320903+05:30","order_acked":{"request_id":"8d10d45f-f242-481b-ba72-a2409d2c83d3","status_code":201}}
{"event_type":"order_acked","timestamp":"2026-05-19T19:22:30.3214677+05:30","order_acked":{"request_id":"ffe7ce3a-1006-4344-bf4d-705b705316cc","status_code":201}}
{"event_type":"execution_report","timestamp":"2026-05-19T19:22:30.3214677+05:30","execution":{"order_id":"e75554f3-59ab-46cc-8d32-56b998554da7","symbol":"AMZN","side":"SELL","status":"filled","filled_qty":25,"leaves_qty":0,"price":317.53,"timestamp":"2026-05-19T13:52:30Z","match_id":"5d13c31e-1827-4346-9761-9015903348f1"}}
{"event_type":"order_acked","timestamp":"2026-05-19T19:22:30.3225216+05:30","order_acked":{"request_id":"0846f4ad-48aa-41b6-99b7-4447e42494bd","status_code":200}}
{"event_type":"execution_report","timestamp":"2026-05-19T19:22:30.3235888+05:30","execution":{"order_id":"e19fced0-16d9-46e5-b9b0-f2566e74df8e","symbol":"TSLA","side":"SELL","status":"filled","filled_qty":32,"leaves_qty":0,"price":626.77,"timestamp":"2026-05-19T13:52:30Z","match_id":"e138acd6-45ba-45bf-82f3-cda16abd760f"}}
{"event_type":"order_acked","timestamp":"2026-05-19T19:22:30.3251982+05:30","order_acked":{"request_id":"0fd383ed-1143-4e26-9c94-650bfad65995","status_code":200}}
{"event_type":"execution_report","timestamp":"2026-05-19T19:22:30.3284961+05:30","execution":{"order_id":"0d6b7b20-de14-45c2-9e6b-7ec2157e8202","symbol":"MSFT","side":"SELL","status":"filled","filled_qty":93,"leaves_qty":0,"price":781.65,"timestamp":"2026-05-19T13:52:30Z","match_id":"9afaf611-3358-4ef7-8a64-3eb64014cd3e"}}
{"event_type":"execution_report","timestamp":"2026-05-19T19:22:30.3290458+05:30","execution":{"order_id":"6296a509-b126-4e79-87b9-9a7423a6082c","symbol":"MSFT","side":"SELL","status":"filled","filled_qty":76,"leaves_qty":0,"price":654.95,"timestamp":"2026-05-19T13:52:30Z","match_id":"393405d8-bbd8-4967-8d90-c2d3581b8fea"}}
{"event_type":"order_acked","timestamp":"2026-05-19T19:22:30.33227+05:30","order_acked":{"request_id":"7180785f-f1f9-476f-adb2-c124e7be9532","status_code":200}}
{"event_type":"order_acked","timestamp":"2026-05-19T19:22:30.3327964+05:30","order_acked":{"request_id":"16cb526d-90ea-4b6f-892f-e6729e235d26","status_code":201}}
{"event_type":"order_acked","timestamp":"2026-05-19T19:22:30.3343831+05:30","order_acked":{"request_id":"17c2491c-3dbb-4a76-b9b9-6e87586f4581","status_code":200}}
{"event_type":"order_acked","timestamp":"2026-05-19T19:22:30.3349215+05:30","order_acked":{"request_id":"cf7ad6dc-ee9a-4bc8-b1cf-81676e5b9785","status_code":201}}
{"event_type":"execution_report","timestamp":"2026-05-19T19:22:30.3417948+05:30","execution":{"order_id":"7314363b-a734-4112-8202-4558c859f492","symbol":"AAPL","side":"SELL","status":"filled","filled_qty":60,"leaves_qty":0,"price":322.27,"timestamp":"2026-05-19T13:52:30Z","match_id":"d19176b5-8003-4b48-be50-211f2a481969"}}
{"event_type":"execution_report","timestamp":"2026-05-19T19:22:30.3417948+05:30","execution":{"order_id":"999a2959-bf87-4f47-bca8-5c3db0d96ad6","symbol":"TSLA","side":"SELL","status":"filled","filled_qty":16,"leaves_qty":0,"price":971.02,"timestamp":"2026-05-19T13:52:30Z","match_id":"2c96174f-0461-478d-afc9-1b1d609e156b"}}
{"event_type":"order_acked","timestamp":"2026-05-19T19:22:30.3441535+05:30","order_acked":{"request_id":"96947abd-aba2-4355-baf8-f49e72c88422","status_code":201}}
{"event_type":"order_acked","timestamp":"2026-05-19T19:22:30.3469984+05:30","order_acked":{"request_id":"669aa459-7249-40fc-a7be-62e9f33f863e","status_code":201}}
{"event_type":"order_acked","timestamp":"2026-05-19T19:22:30.3480993+05:30","order_acked":{"request_id":"1fc8fc52-e2b5-4b6b-97f8-b1fcd97b3dc4","status_code":201}}
{"event_type":"order_acked","timestamp":"2026-05-19T19:22:30.3492203+05:30","order_acked":{"request_id":"33daeb54-648b-4922-a9f7-9ff1ff1dd642","status_code":201}}
{"event_type":"execution_report","timestamp":"2026-05-19T19:22:30.3508341+05:30","execution":{"order_id":"446e0109-4fe3-4d82-837b-8c2e0622f7a2","symbol":"AMZN","side":"SELL","status":"filled","filled_qty":34,"leaves_qty":0,"price":502.03,"timestamp":"2026-05-19T13:52:30Z","match_id":"a3dd8f83-d3b1-4689-8c88-f057faff1520"}}
{"event_type":"execution_report","timestamp":"2026-05-19T19:22:30.3518778+05:30","execution":{"order_id":"2982d697-0bd6-42ac-9d05-661e2c80a8ac","symbol":"AMZN","side":"BUY","status":"filled","filled_qty":68,"leaves_qty":0,"price":438.93,"timestamp":"2026-05-19T13:52:30Z","match_id":"91fc14d3-1220-415a-83c5-fab998048ac7"}}
{"event_type":"execution_report","timestamp":"2026-05-19T19:22:30.3529632+05:30","execution":{"order_id":"861604ee-371e-4e90-93d6-3e9908f92395","symbol":"AMZN","side":"SELL","status":"filled","filled_qty":57,"leaves_qty":0,"price":548.12,"timestamp":"2026-05-19T13:52:30Z","match_id":"9e0c7032-d0ef-4c5d-9f2b-8829aa7a95e9"}}
{"event_type":"order_acked","timestamp":"2026-05-19T19:22:30.3556611+05:30","order_acked":{"request_id":"4e5d0f4f-f066-435b-a49b-01cbf84d96c8","status_code":201}}
{"event_type":"order_acked","timestamp":"2026-05-19T19:22:30.3572843+05:30","order_acked":{"request_id":"2cb09215-de08-48f1-a4c6-0ae16ef6b8e6","status_code":201}}
{"event_type":"order_acked","timestamp":"2026-05-19T19:22:30.3578391+05:30","order_acked":{"request_id":"bb924645-da15-4c69-a21d-6e89697d921a","status_code":201}}
{"event_type":"order_acked","timestamp":"2026-05-19T19:22:30.359465+05:30","order_acked":{"request_id":"5ac047ba-5b31-4089-bc82-d2ac284af08a","status_code":201}}
{"event_type":"order_acked","timestamp":"2026-05-19T19:22:30.3626877+05:30","order_acked":{"request_id":"ca8aac5f-c1eb-4d70-ad2d-b70d8493c048","status_code":201}}
{"event_type":"order_acked","timestamp":"2026-05-19T19:22:30.3650399+05:30","order_acked":{"request_id":"af53ab91-6ac8-410f-b1b9-8020d73fe140","status_code":201}}
{"event_type":"execution_report","timestamp":"2026-05-19T19:22:30.3650399+05:30","execution":{"order_id":"4b878b2a-154c-4f43-8cec-9cee2740c6f4","symbol":"MSFT","side":"BUY","status":"filled","filled_qty":95,"leaves_qty":0,"price":135.64,"timestamp":"2026-05-19T13:52:30Z","match_id":"ed62e311-6042-42d4-99a5-1be70618fd2e"}}
{"event_type":"execution_report","timestamp":"2026-05-19T19:22:30.3666232+05:30","execution":{"order_id":"846969a3-1c5e-4e0e-9ffc-7027773f1acc","symbol":"GOOG","side":"SELL","status":"filled","filled_qty":87,"leaves_qty":0,"price":570.88,"timestamp":"2026-05-19T13:52:30Z","match_id":"1d82f314-aebd-4fbf-9e5f-fe13154b3f83"}}
{"event_type":"order_acked","timestamp":"2026-05-19T19:22:30.3688353+05:30","order_acked":{"request_id":"0afc4f0c-0ccc-433e-834b-7b88610a034b","status_code":201}}
{"event_type":"execution_report","timestamp":"2026-05-19T19:22:30.3698878+05:30","execution":{"order_id":"b1f21dad-caa6-4e28-8460-9d2415e24737","symbol":"GOOG","side":"SELL","status":"filled","filled_qty":79,"leaves_qty":0,"price":630.21,"timestamp":"2026-05-19T13:52:30Z","match_id":"09b240b7-33bd-4ac6-9b51-fad454bf5d79"}}
{"event_type":"order_acked","timestamp":"2026-05-19T19:22:30.3709577+05:30","order_acked":{"request_id":"0d149b94-dda1-43c3-be61-515a2a849a07","status_code":201}}
{"event_type":"order_acked","timestamp":"2026-05-19T19:22:30.3736477+05:30","order_acked":{"request_id":"6c9ed41c-4475-4c52-b221-dcade361d539","status_code":201}}
{"event_type":"order_acked","timestamp":"2026-05-19T19:22:30.3800718+05:30","order_acked":{"request_id":"df28e217-f192-4dc4-9733-df3d65fe80a0","status_code":201}}
{"event_type":"execution_report","timestamp":"2026-05-19T19:22:30.3800718+05:30","execution":{"order_id":"9b346ae1-f8a8-41d5-8d4a-a7fca17d5b5d","symbol":"AMZN","side":"BUY","status":"filled","filled_qty":55,"leaves_qty":0,"price":636.43,"timestamp":"2026-05-19T13:52:30Z","match_id":"a4f4c790-2faa-42ac-89f4-8a460111383b"}}
{"event_type":"order_acked","timestamp":"2026-05-19T19:22:30.3829378+05:30","order_acked":{"request_id":"acd24cac-3c86-4e17-ad69-f0a594169153","status_code":201}}
{"event_type":"execution_report","timestamp":"2026-05-19T19:22:30.3829378+05:30","execution":{"order_id":"90d459c5-cb13-4e00-a6dc-080c622d80c2","symbol":"MSFT","side":"SELL","status":"filled","filled_qty":25,"leaves_qty":0,"price":621.65,"timestamp":"2026-05-19T13:52:30Z","match_id":"ac9297dd-408e-45a0-b18a-9d37bb85e207"}}
{"event_type":"order_acked","timestamp":"2026-05-19T19:22:30.3845554+05:30","order_acked":{"request_id":"8e9441a5-2f5f-4ef5-a5de-1776fceeb021","status_code":201}}
{"event_type":"execution_report","timestamp":"2026-05-19T19:22:30.3867096+05:30","execution":{"order_id":"a4660a8c-551e-46ad-9221-99555e77a8d1","symbol":"GOOG","side":"BUY","status":"filled","filled_qty":15,"leaves_qty":0,"price":408.04,"timestamp":"2026-05-19T13:52:30Z","match_id":"ef61cc4a-e3e6-4e57-b34f-dc56ca3fa943"}}
{"event_type":"execution_report","timestamp":"2026-05-19T19:22:30.387774+05:30","execution":{"order_id":"f9b43a0b-5efa-4911-b805-277ed057b434","symbol":"MSFT","side":"BUY","status":"filled","filled_qty":97,"leaves_qty":0,"price":479.18,"timestamp":"2026-05-19T13:52:30Z","match_id":"79666e39-55da-4b74-a702-e654b51d9987"}}
{"event_type":"order_acked","timestamp":"2026-05-19T19:22:30.3921889+05:30","order_acked":{"request_id":"31b0de4f-ff21-414b-964a-455f9f842237","status_code":201}}
{"event_type":"order_acked","timestamp":"2026-05-19T19:22:30.3944103+05:30","order_acked":{"request_id":"8d2319da-aa7a-4f91-a20d-a796ec643f9a","status_code":201}}
{"event_type":"order_acked","timestamp":"2026-05-19T19:22:30.3949691+05:30","order_acked":{"request_id":"e4caa0bc-e4db-4cbe-8ab5-096025f6bb4c","status_code":201}}
{"event_type":"execution_report","timestamp":"2026-05-19T19:22:30.3960213+05:30","execution":{"order_id":"10ec9c58-8ccc-4975-94ac-a7e58ef9edde","symbol":"MSFT","side":"BUY","status":"filled","filled_qty":2,"leaves_qty":0,"price":921.05,"timestamp":"2026-05-19T13:52:30Z","match_id":"07354c29-bd24-469e-9587-81dc5c186dd3"}}
{"event_type":"order_acked","timestamp":"2026-05-19T19:22:30.3970936+05:30","order_acked":{"request_id":"fdc30d0e-10a9-4253-bef5-1c2403455b45","status_code":201}}
{"event_type":"execution_report","timestamp":"2026-05-19T19:22:30.397657+05:30","execution":{"order_id":"cb95b072-5e5c-4d84-a8cd-beb7db1ee959","symbol":"MSFT","side":"BUY","status":"filled","filled_qty":54,"leaves_qty":0,"price":377.39,"timestamp":"2026-05-19T13:52:30Z","match_id":"87a08d5a-eb44-476f-9936-ab48a20419e9"}}
{"event_type":"order_acked","timestamp":"2026-05-19T19:22:30.3998666+05:30","order_acked":{"request_id":"b734b0dc-6815-4601-b157-2f1c5a7ee8bf","status_code":201}}
{"event_type":"order_acked","timestamp":"2026-05-19T19:22:30.4003716+05:30","order_acked":{"request_id":"f0de1365-75c3-4047-aaea-1944ada3dc5d","status_code":201}}
{"event_type":"execution_report","timestamp":"2026-05-19T19:22:30.4024739+05:30","execution":{"order_id":"f016cde8-a1a3-4525-9a23-989c635a8ca2","symbol":"GOOG","side":"SELL","status":"filled","filled_qty":83,"leaves_qty":0,"price":961.56,"timestamp":"2026-05-19T13:52:30Z","match_id":"c6dcd176-7fae-4f86-b070-dcd96732f534"}}
{"event_type":"order_acked","timestamp":"2026-05-19T19:22:30.4045802+05:30","order_acked":{"request_id":"7c7fa591-08c9-4e25-832d-d4df36d3f252","status_code":201}}
{"event_type":"order_acked","timestamp":"2026-05-19T19:22:30.4068141+05:30","order_acked":{"request_id":"f35f294c-99ee-4958-bbb3-7f2dd119b76d","status_code":200}}
{"event_type":"order_acked","timestamp":"2026-05-19T19:22:30.4095584+05:30","order_acked":{"request_id":"0fe1c600-f58a-4515-9af1-916b0a7614f0","status_code":201}}
{"event_type":"order_acked","timestamp":"2026-05-19T19:22:30.4100942+05:30","order_acked":{"request_id":"cc7113f9-4019-4265-8d61-1d9b1fb11a28","status_code":201}}
{"event_type":"execution_report","timestamp":"2026-05-19T19:22:30.4138993+05:30","execution":{"order_id":"9ace952c-2a4a-4397-9996-423abb8ca9e5","symbol":"MSFT","side":"BUY","status":"filled","filled_qty":61,"leaves_qty":0,"price":108.05,"timestamp":"2026-05-19T13:52:30Z","match_id":"5a02f238-b0ea-4084-a36f-5ef5db71cff1"}}
{"event_type":"order_acked","timestamp":"2026-05-19T19:22:30.4150525+05:30","order_acked":{"request_id":"8a48b365-4972-4a75-b0d4-bb596a2264c4","status_code":200}}
{"event_type":"order_acked","timestamp":"2026-05-19T19:22:30.4163122+05:30","order_acked":{"request_id":"e52a3b8c-bad5-41d0-8856-4d597e6a5caa","status_code":200}}
{"event_type":"order_acked","timestamp":"2026-05-19T19:22:30.4168669+05:30","order_acked":{"request_id":"32f3125d-adb4-4cc2-9c38-545ec549f456","status_code":201}}
{"event_type":"execution_report","timestamp":"2026-05-19T19:22:30.4179949+05:30","execution":{"order_id":"e4d3013f-c466-4c3c-9302-1c16e0c6539b","symbol":"AAPL","side":"SELL","status":"filled","filled_qty":46,"leaves_qty":0,"price":952.31,"timestamp":"2026-05-19T13:52:30Z","match_id":"7abd8fed-5ef8-4707-bea7-5d17b72ccae9"}}
{"event_type":"execution_report","timestamp":"2026-05-19T19:22:30.4257758+05:30","execution":{"order_id":"e9eab5be-1657-433d-ab83-7aff1f85a90e","symbol":"GOOG","side":"SELL","status":"filled","filled_qty":33,"leaves_qty":0,"price":488.83,"timestamp":"2026-05-19T13:52:30Z","match_id":"18abdcf3-3927-4cd8-89ed-e8bf0211288e"}}
{"event_type":"order_sent","timestamp":"2026-05-19T19:22:32.1241415+05:30","order_sent":{"request_id":"00054016-bfde-4367-8da6-2cddfe94acd7","order_id":"","type":"LIMIT","symbol":"AAPL","side":"BUY","price":430.31,"quantity":8}}
{"event_type":"order_sent","timestamp":"2026-05-19T19:22:32.1241415+05:30","order_sent":{"request_id":"801cb6b2-6c06-4394-9249-d3e5b44db9f5","order_id":"","type":"MARKET","symbol":"MSFT","side":"BUY","quantity":4}}
{"event_type":"order_sent","timestamp":"2026-05-19T19:22:32.1241415+05:30","order_sent":{"request_id":"55877e66-c4a3-4b8b-a10f-2e626334fcb1","order_id":"","type":"MARKET","symbol":"AAPL","side":"SELL","quantity":4}}
{"event_type":"order_sent","timestamp":"2026-05-19T19:22:32.1241415+05:30","order_sent":{"request_id":"512df4a6-71f0-4654-bdae-2e57552a2f3d","order_id":"ord-8999889170089286412","type":"CANCEL","symbol":"","side":""}}
{"event_type":"order_sent","timestamp":"2026-05-19T19:22:32.1241415+05:30","order_sent":{"request_id":"afd0c5ce-5703-4fa1-a7e3-423c1a92f3a6","order_id":"","type":"LIMIT","symbol":"GOOG","side":"BUY","price":907.9,"quantity":26}}
{"event_type":"order_sent","timestamp":"2026-05-19T19:22:32.1241415+05:30","order_sent":{"request_id":"24f17ac6-3353-4724-a735-8b42914ea249","order_id":"ord-3015885359782613761","type":"CANCEL","symbol":"","side":""}}
{"event_type":"order_sent","timestamp":"2026-05-19T19:22:32.1241415+05:30","order_sent":{"request_id":"ac4a139a-d80f-432d-96e3-f4b0ce2cd928","order_id":"","type":"MARKET","symbol":"TSLA","side":"BUY","quantity":8}}
{"event_type":"order_sent","timestamp":"2026-05-19T19:22:32.1241415+05:30","order_sent":{"request_id":"aaf1e5cd-3b9b-4b53-b09b-9dc491a0b181","order_id":"","type":"LIMIT","symbol":"AAPL","side":"SELL","price":632.37,"quantity":87}}
{"event_type":"order_sent","timestamp":"2026-05-19T19:22:32.1241415+05:30","order_sent":{"request_id":"695584c4-4180-43e1-b1fb-c8f74a375260","order_id":"","type":"MARKET","symbol":"MSFT","side":"BUY","quantity":44}}
{"event_type":"order_sent","timestamp":"2026-05-19T19:22:32.1241415+05:30","order_sent":{"request_id":"ddfe272b-d867-4b01-9de6-1e399832ddbb","order_id":"","type":"LIMIT","symbol":"AAPL","side":"BUY","price":951.85,"quantity":59}}
{"event_type":"order_sent","timestamp":"2026-05-19T19:22:32.1241415+05:30","order_sent":{"request_id":"cfa5a41d-d49c-4a3d-84de-644418540562","order_id":"","type":"MARKET","symbol":"AMZN","side":"BUY","quantity":50}}
{"event_type":"order_sent","timestamp":"2026-05-19T19:22:32.1241415+05:30","order_sent":{"request_id":"33daa1ae-cff2-4098-a440-e23c1bd8dab5","order_id":"","type":"LIMIT","symbol":"GOOG","side":"BUY","price":199.92,"quantity":63}}
{"event_type":"order_sent","timestamp":"2026-05-19T19:22:32.1241415+05:30","order_sent":{"request_id":"95799904-3b64-451d-b182-dc7c8b312c38","order_id":"","type":"MARKET","symbol":"AMZN","side":"SELL","quantity":27}}
{"event_type":"order_sent","timestamp":"2026-05-19T19:22:32.1241415+05:30","order_sent":{"request_id":"69c6a49a-c199-4500-b57b-de91393b2767","order_id":"","type":"MARKET","symbol":"MSFT","side":"BUY","quantity":13}}
{"event_type":"order_sent","timestamp":"2026-05-19T19:22:32.1241415+05:30","order_sent":{"request_id":"7e9ad5c6-ecc7-471f-970b-10c3f0bfdac1","order_id":"ord-2578478529193890469","type":"CANCEL","symbol":"","side":""}}
{"event_type":"order_sent","timestamp":"2026-05-19T19:22:32.1241415+05:30","order_sent":{"request_id":"38e9d28a-71c6-4cb3-ac23-88bb37ab4c3c","order_id":"","type":"LIMIT","symbol":"MSFT","side":"BUY","price":209.87,"quantity":75}}
{"event_type":"order_sent","timestamp":"2026-05-19T19:22:32.1241415+05:30","order_sent":{"request_id":"75f34af7-bb1e-4502-882c-bac21aa000fb","order_id":"ord-1978155212401064883","type":"CANCEL","symbol":"","side":""}}
{"event_type":"order_sent","timestamp":"2026-05-19T19:22:32.1241415+05:30","order_sent":{"request_id":"3ef4d3ef-72b4-42a7-97bf-ff8cef20e7d0","order_id":"ord-4008616316267289571","type":"CANCEL","symbol":"","side":""}}
{"event_type":"order_sent","timestamp":"2026-05-19T19:22:32.1247229+05:30","order_sent":{"request_id":"8e23e243-8b6b-49fd-a9ad-5741f3370fad","order_id":"","type":"MARKET","symbol":"AMZN","side":"SELL","quantity":21}}
{"event_type":"order_sent","timestamp":"2026-05-19T19:22:32.1247229+05:30","order_sent":{"request_id":"09bbf6aa-8bdb-444f-93b4-1dbfd39f08d7","order_id":"","type":"LIMIT","symbol":"GOOG","side":"SELL","price":549.62,"quantity":20}}
{"event_type":"order_sent","timestamp":"2026-05-19T19:22:32.1247229+05:30","order_sent":{"request_id":"b033e33c-a788-404f-8f7a-bad88a8b3b01","order_id":"","type":"LIMIT","symbol":"AMZN","side":"SELL","price":305.43,"quantity":13}}
{"event_type":"order_sent","timestamp":"2026-05-19T19:22:32.1247229+05:30","order_sent":{"request_id":"73f993a3-e30b-48ce-8307-9cfa7b38acb0","order_id":"","type":"LIMIT","symbol":"TSLA","side":"BUY","price":641.01,"quantity":47}}
{"event_type":"order_sent","timestamp":"2026-05-19T19:22:32.1241415+05:30","order_sent":{"request_id":"f0937117-8de0-4398-94b9-e430b5030eb3","order_id":"ord-8793134119155957679","type":"CANCEL","symbol":"","side":""}}
{"event_type":"order_sent","timestamp":"2026-05-19T19:22:32.1247229+05:30","order_sent":{"request_id":"3dca53b7-2c70-491f-a7cd-2df409844844","order_id":"","type":"MARKET","symbol":"TSLA","side":"BUY","quantity":39}}
{"event_type":"order_sent","timestamp":"2026-05-19T19:22:32.1247229+05:30","order_sent":{"request_id":"5e74dd24-83a4-4978-a6eb-16034ac80dd8","order_id":"ord-2180533089306723160","type":"CANCEL","symbol":"","side":""}}
{"event_type":"order_sent","timestamp":"2026-05-19T19:22:32.1247229+05:30","order_sent":{"request_id":"e501cfda-4ab0-4fbc-8b5c-4a3391fd5eb9","order_id":"","type":"MARKET","symbol":"AAPL","side":"BUY","quantity":49}}
{"event_type":"order_sent","timestamp":"2026-05-19T19:22:32.1241415+05:30","order_sent":{"request_id":"7a938e56-08d5-4437-b677-8c2cf407c9e5","order_id":"","type":"LIMIT","symbol":"AAPL","side":"BUY","price":634.68,"quantity":94}}
{"event_type":"order_sent","timestamp":"2026-05-19T19:22:32.1241415+05:30","order_sent":{"request_id":"677d892d-b8c1-43ca-bbd5-4d0fc2df1fa9","order_id":"","type":"MARKET","symbol":"AMZN","side":"BUY","quantity":9}}
{"event_type":"order_sent","timestamp":"2026-05-19T19:22:32.1241415+05:30","order_sent":{"request_id":"dde31770-7b04-4f42-8c07-d3ce911d18a3","order_id":"","type":"MARKET","symbol":"GOOG","side":"BUY","quantity":43}}
{"event_type":"order_sent","timestamp":"2026-05-19T19:22:32.1241415+05:30","order_sent":{"request_id":"241ece26-5113-470b-9f46-15ecd109c5fe","order_id":"ord-3757631223892030683","type":"CANCEL","symbol":"","side":""}}
{"event_type":"order_sent","timestamp":"2026-05-19T19:22:32.1241415+05:30","order_sent":{"request_id":"2afe7021-c62c-4726-bc5d-239b1c825eb1","order_id":"","type":"MARKET","symbol":"TSLA","side":"SELL","quantity":39}}
{"event_type":"order_sent","timestamp":"2026-05-19T19:22:32.1241415+05:30","order_sent":{"request_id":"1fbae412-ce4f-4758-addd-6905fae02b04","order_id":"","type":"MARKET","symbol":"TSLA","side":"SELL","quantity":50}}
{"event_type":"order_sent","timestamp":"2026-05-19T19:22:32.1241415+05:30","order_sent":{"request_id":"727305c0-fcd6-4068-bf35-9fc19973ff46","order_id":"","type":"LIMIT","symbol":"AAPL","side":"SELL","price":939.85,"quantity":97}}
{"event_type":"order_sent","timestamp":"2026-05-19T19:22:32.1241415+05:30","order_sent":{"request_id":"a27c05e2-1e16-4bbd-a682-29937298cff6","order_id":"","type":"MARKET","symbol":"MSFT","side":"SELL","quantity":7}}
{"event_type":"order_sent","timestamp":"2026-05-19T19:22:32.1241415+05:30","order_sent":{"request_id":"6a9bc507-92d3-4734-add4-37bab137c714","order_id":"ord-8431012208436432906","type":"CANCEL","symbol":"","side":""}}
{"event_type":"order_sent","timestamp":"2026-05-19T19:22:32.1241415+05:30","order_sent":{"request_id":"5d5739b2-b8d7-4a58-a3fb-bf01a9eb6404","order_id":"ord-3283587951934057304","type":"CANCEL","symbol":"","side":""}}
{"event_type":"order_sent","timestamp":"2026-05-19T19:22:32.1241415+05:30","order_sent":{"request_id":"4372e4ca-08f4-4767-9c3e-31c1db0f556e","order_id":"","type":"LIMIT","symbol":"AMZN","side":"SELL","price":902.94,"quantity":99}}
{"event_type":"order_sent","timestamp":"2026-05-19T19:22:32.1241415+05:30","order_sent":{"request_id":"f2b6d4d0-e2c5-49fa-8fdf-3e52d8fabbe9","order_id":"ord-2391384053357202099","type":"CANCEL","symbol":"","side":""}}
{"event_type":"order_sent","timestamp":"2026-05-19T19:22:32.1241415+05:30","order_sent":{"request_id":"a5c71673-1bb9-4e9c-b213-b7dc0f2fc3c6","order_id":"","type":"LIMIT","symbol":"AAPL","side":"SELL","price":349.39,"quantity":17}}
{"event_type":"order_sent","timestamp":"2026-05-19T19:22:32.1241415+05:30","order_sent":{"request_id":"135869e3-a6ad-4bef-8d5b-972acd8e8727","order_id":"","type":"LIMIT","symbol":"AMZN","side":"SELL","price":306.64,"quantity":17}}
{"event_type":"order_sent","timestamp":"2026-05-19T19:22:32.1241415+05:30","order_sent":{"request_id":"90660ffd-2a04-4521-a53e-1d5dcfdda022","order_id":"ord-2867855086958319086","type":"CANCEL","symbol":"","side":""}}
{"event_type":"order_sent","timestamp":"2026-05-19T19:22:32.1241415+05:30","order_sent":{"request_id":"7b8fc178-6be7-46e0-8ee7-83ba918270e6","order_id":"","type":"MARKET","symbol":"AMZN","side":"BUY","quantity":49}}
{"event_type":"order_sent","timestamp":"2026-05-19T19:22:32.1241415+05:30","order_sent":{"request_id":"e90bbc34-09a2-45f6-ad42-bc46f4a4cdac","order_id":"","type":"LIMIT","symbol":"MSFT","side":"SELL","price":155.07,"quantity":91}}
{"event_type":"order_sent","timestamp":"2026-05-19T19:22:32.1241415+05:30","order_sent":{"request_id":"2f5290c7-9e27-4395-b7cf-4723b24791ef","order_id":"","type":"LIMIT","symbol":"GOOG","side":"BUY","price":350.21,"quantity":95}}
{"event_type":"order_sent","timestamp":"2026-05-19T19:22:32.1241415+05:30","order_sent":{"request_id":"84a36204-a826-41a7-bcf3-4778a59364d4","order_id":"","type":"LIMIT","symbol":"TSLA","side":"SELL","price":357.48,"quantity":79}}
{"event_type":"order_sent","timestamp":"2026-05-19T19:22:32.1241415+05:30","order_sent":{"request_id":"6089774f-862d-4bcc-9b93-2780361bd2f8","order_id":"","type":"LIMIT","symbol":"AMZN","side":"SELL","price":182.1,"quantity":60}}
{"event_type":"order_sent","timestamp":"2026-05-19T19:22:32.1241415+05:30","order_sent":{"request_id":"6d97a8c5-dbe2-473d-bebc-9fae0e3da676","order_id":"ord-5185082161227925579","type":"CANCEL","symbol":"","side":""}}
{"event_type":"order_sent","timestamp":"2026-05-19T19:22:32.1241415+05:30","order_sent":{"request_id":"5890eb0b-1976-4850-828c-b1dc6a0c1884","order_id":"","type":"LIMIT","symbol":"TSLA","side":"SELL","price":706.49,"quantity":14}}
{"event_type":"order_sent","timestamp":"2026-05-19T19:22:32.1241415+05:30","order_sent":{"request_id":"c6a3c8ce-e11b-4bcf-8218-58d7dc26cfcf","order_id":"","type":"MARKET","symbol":"GOOG","side":"SELL","quantity":18}}
{"event_type":"order_sent","timestamp":"2026-05-19T19:22:32.1241415+05:30","order_sent":{"request_id":"bedabae3-e894-45d6-93c9-81974a2ed33d","order_id":"","type":"LIMIT","symbol":"AAPL","side":"BUY","price":531.16,"quantity":68}}
{"event_type":"order_sent","timestamp":"2026-05-19T19:22:32.1241415+05:30","order_sent":{"request_id":"7050ea91-9ba1-4ce2-bc44-00e082aa566e","order_id":"","type":"MARKET","symbol":"GOOG","side":"BUY","quantity":41}}
{"event_type":"order_sent","timestamp":"2026-05-19T19:22:32.1241415+05:30","order_sent":{"request_id":"0bf1317d-17c4-43dc-97b3-eb96cd24f7da","order_id":"","type":"MARKET","symbol":"GOOG","side":"SELL","quantity":1}}
{"event_type":"order_sent","timestamp":"2026-05-19T19:22:32.1241415+05:30","order_sent":{"request_id":"8686d40b-b0ca-4af3-b7f7-a23bd2365678","order_id":"","type":"MARKET","symbol":"AAPL","side":"BUY","quantity":45}}
{"event_type":"order_sent","timestamp":"2026-05-19T19:22:32.1241415+05:30","order_sent":{"request_id":"865ffb56-9d7b-43b2-ab7f-d610107be3c8","order_id":"","type":"LIMIT","symbol":"TSLA","side":"BUY","price":632.68,"quantity":61}}
{"event_type":"order_sent","timestamp":"2026-05-19T19:22:32.1241415+05:30","order_sent":{"request_id":"e16f37e9-667c-4252-b29d-a82fb1abcab6","order_id":"ord-6326841917465428125","type":"CANCEL","symbol":"","side":""}}
{"event_type":"order_sent","timestamp":"2026-05-19T19:22:32.1241415+05:30","order_sent":{"request_id":"5d51f698-00a2-4480-a119-173d4277ac90","order_id":"","type":"MARKET","symbol":"TSLA","side":"BUY","quantity":46}}
{"event_type":"order_sent","timestamp":"2026-05-19T19:22:32.1241415+05:30","order_sent":{"request_id":"e94ceef0-c055-44ce-aeeb-556e0707fcf6","order_id":"","type":"LIMIT","symbol":"AMZN","side":"SELL","price":483,"quantity":98}}
{"event_type":"order_sent","timestamp":"2026-05-19T19:22:32.1241415+05:30","order_sent":{"request_id":"80c3987d-9089-40e0-9a63-b1d48bd88069","order_id":"","type":"LIMIT","symbol":"AMZN","side":"BUY","price":721.58,"quantity":33}}
{"event_type":"order_sent","timestamp":"2026-05-19T19:22:32.1241415+05:30","order_sent":{"request_id":"a207b4e6-f551-4b8d-8cc5-3dca66336fcf","order_id":"","type":"MARKET","symbol":"GOOG","side":"BUY","quantity":15}}
{"event_type":"order_sent","timestamp":"2026-05-19T19:22:32.1241415+05:30","order_sent":{"request_id":"ad42eb6a-811e-4feb-a9f8-00eaf5894d03","order_id":"","type":"LIMIT","symbol":"AMZN","side":"SELL","price":641.72,"quantity":56}}
{"event_type":"order_sent","timestamp":"2026-05-19T19:22:32.1241415+05:30","order_sent":{"request_id":"fcbbd4bb-37fd-45f2-b949-d8a3b9f9b65b","order_id":"","type":"LIMIT","symbol":"AAPL","side":"BUY","price":336.37,"quantity":72}}
{"event_type":"order_sent","timestamp":"2026-05-19T19:22:32.1241415+05:30","order_sent":{"request_id":"1b1ce3b3-1678-4b39-812e-76f975c3026f","order_id":"","type":"LIMIT","symbol":"GOOG","side":"SELL","price":777.67,"quantity":38}}
{"event_type":"order_sent","timestamp":"2026-05-19T19:22:32.1241415+05:30","order_sent":{"request_id":"d912ab65-3cdc-4532-be06-f106eb5f0e21","order_id":"","type":"LIMIT","symbol":"AMZN","side":"BUY","price":605.34,"quantity":14}}
{"event_type":"order_sent","timestamp":"2026-05-19T19:22:32.1241415+05:30","order_sent":{"request_id":"b0f36a47-b9c5-4a7b-ac91-019ecfef0cdd","order_id":"","type":"LIMIT","symbol":"MSFT","side":"BUY","price":613.66,"quantity":94}}
{"event_type":"order_sent","timestamp":"2026-05-19T19:22:32.1241415+05:30","order_sent":{"request_id":"e5431c43-c21c-4486-8451-b52eec1fe268","order_id":"","type":"LIMIT","symbol":"AMZN","side":"SELL","price":506.11,"quantity":75}}
{"event_type":"order_sent","timestamp":"2026-05-19T19:22:32.1241415+05:30","order_sent":{"request_id":"138bbd0f-210b-4166-8ccb-1b3db0390570","order_id":"","type":"LIMIT","symbol":"AAPL","side":"SELL","price":689.93,"quantity":23}}
{"event_type":"order_sent","timestamp":"2026-05-19T19:22:32.1241415+05:30","order_sent":{"request_id":"fbf88e59-cf54-43b7-947c-444b1f69e7f8","order_id":"","type":"LIMIT","symbol":"AMZN","side":"BUY","price":498.69,"quantity":4}}
{"event_type":"order_sent","timestamp":"2026-05-19T19:22:32.1241415+05:30","order_sent":{"request_id":"55587982-1cc6-4b8f-af20-725d2ffd4cc6","order_id":"","type":"LIMIT","symbol":"MSFT","side":"BUY","price":738.8,"quantity":76}}
{"event_type":"order_sent","timestamp":"2026-05-19T19:22:32.1241415+05:30","order_sent":{"request_id":"dd5dd1a2-c04d-43cf-b78e-e39797ee4c2b","order_id":"","type":"MARKET","symbol":"AAPL","side":"SELL","quantity":2}}
{"event_type":"order_sent","timestamp":"2026-05-19T19:22:32.1241415+05:30","order_sent":{"request_id":"3bba27bb-17cb-4de9-82a4-7f45bd35044e","order_id":"","type":"MARKET","symbol":"TSLA","side":"SELL","quantity":29}}
{"event_type":"order_sent","timestamp":"2026-05-19T19:22:32.1241415+05:30","order_sent":{"request_id":"6778190f-7339-4d0d-a4c0-492c759beef2","order_id":"","type":"MARKET","symbol":"TSLA","side":"SELL","quantity":12}}
{"event_type":"order_sent","timestamp":"2026-05-19T19:22:32.1241415+05:30","order_sent":{"request_id":"8d506590-3bdf-4eb9-8175-1727f9dfb309","order_id":"","type":"LIMIT","symbol":"AAPL","side":"SELL","price":888.39,"quantity":63}}
{"event_type":"order_sent","timestamp":"2026-05-19T19:22:32.1241415+05:30","order_sent":{"request_id":"b63cbe3e-c633-463a-8b0e-671043aed97b","order_id":"ord-8142886150402422968","type":"CANCEL","symbol":"","side":""}}
{"event_type":"order_sent","timestamp":"2026-05-19T19:22:32.1241415+05:30","order_sent":{"request_id":"3f71af1e-f9a2-44a5-add9-cd5651be1088","order_id":"ord-5572242650513594678","type":"CANCEL","symbol":"","side":""}}
{"event_type":"order_sent","timestamp":"2026-05-19T19:22:32.1241415+05:30","order_sent":{"request_id":"05c0cb43-7104-404d-9840-0498ad549e4c","order_id":"","type":"LIMIT","symbol":"TSLA","side":"SELL","price":421.92,"quantity":38}}
{"event_type":"order_sent","timestamp":"2026-05-19T19:22:32.1241415+05:30","order_sent":{"request_id":"e4e0a403-7fa6-446f-8501-8522ed938955","order_id":"","type":"MARKET","symbol":"AMZN","side":"BUY","quantity":15}}
{"event_type":"order_sent","timestamp":"2026-05-19T19:22:32.1241415+05:30","order_sent":{"request_id":"f6b0e583-772f-4afd-8efb-275c30ad91e0","order_id":"","type":"MARKET","symbol":"AAPL","side":"SELL","quantity":28}}
{"event_type":"order_sent","timestamp":"2026-05-19T19:22:32.1241415+05:30","order_sent":{"request_id":"6a2b7359-9994-44a1-982d-4b58b505b33f","order_id":"","type":"LIMIT","symbol":"AAPL","side":"BUY","price":777.04,"quantity":32}}
{"event_type":"order_sent","timestamp":"2026-05-19T19:22:32.1247229+05:30","order_sent":{"request_id":"e6f72f6f-eed9-4ad8-8627-d66aa3aebe70","order_id":"","type":"MARKET","symbol":"AMZN","side":"SELL","quantity":43}}
{"event_type":"order_acked","timestamp":"2026-05-19T19:22:32.1321758+05:30","order_acked":{"request_id":"75f34af7-bb1e-4502-882c-bac21aa000fb","status_code":200}}
{"event_type":"order_sent","timestamp":"2026-05-19T19:22:32.1247229+05:30","order_sent":{"request_id":"36da058f-46e3-4651-a825-587319defe82","order_id":"ord-7958431759694093010","type":"CANCEL","symbol":"","side":""}}
{"event_type":"order_sent","timestamp":"2026-05-19T19:22:32.1247229+05:30","order_sent":{"request_id":"80052359-1441-4021-a482-3f69abb965a6","order_id":"","type":"LIMIT","symbol":"TSLA","side":"SELL","price":691.06,"quantity":53}}
{"event_type":"order_sent","timestamp":"2026-05-19T19:22:32.1247229+05:30","order_sent":{"request_id":"5805bf6e-5dd8-4586-94e3-e4a73e04eff3","order_id":"","type":"LIMIT","symbol":"MSFT","side":"SELL","price":892.38,"quantity":16}}
{"event_type":"order_sent","timestamp":"2026-05-19T19:22:32.1247229+05:30","order_sent":{"request_id":"201b9e10-44db-45b9-b025-b8fdbcd48f22","order_id":"ord-6237850586002445321","type":"CANCEL","symbol":"","side":""}}
{"event_type":"order_sent","timestamp":"2026-05-19T19:22:32.1247229+05:30","order_sent":{"request_id":"1c9f1c73-9452-44ed-a47c-3e3cfaef48fe","order_id":"ord-2654546777882981505","type":"CANCEL","symbol":"","side":""}}
{"event_type":"order_sent","timestamp":"2026-05-19T19:22:32.1247229+05:30","order_sent":{"request_id":"6143122b-512d-4fe9-b51b-d878544da5d9","order_id":"","type":"MARKET","symbol":"TSLA","side":"BUY","quantity":13}}
{"event_type":"order_sent","timestamp":"2026-05-19T19:22:32.1247229+05:30","order_sent":{"request_id":"d4b40a1a-324f-40d9-9740-ccb0c46fe5b1","order_id":"","type":"MARKET","symbol":"AMZN","side":"BUY","quantity":32}}
{"event_type":"order_sent","timestamp":"2026-05-19T19:22:32.1247229+05:30","order_sent":{"request_id":"470919f4-bc63-48fe-8f81-4da6afe86d74","order_id":"","type":"MARKET","symbol":"MSFT","side":"SELL","quantity":41}}
{"event_type":"order_sent","timestamp":"2026-05-19T19:22:32.1247229+05:30","order_sent":{"request_id":"48f5b7e3-bb07-4f47-acdb-baf315bfd52c","order_id":"","type":"LIMIT","symbol":"AMZN","side":"SELL","price":290.84,"quantity":71}}
{"event_type":"order_sent","timestamp":"2026-05-19T19:22:32.1247229+05:30","order_sent":{"request_id":"3fa7a206-9709-403c-ae1d-17e1a9294620","order_id":"","type":"LIMIT","symbol":"MSFT","side":"BUY","price":142.26,"quantity":78}}
{"event_type":"order_sent","timestamp":"2026-05-19T19:22:32.1247229+05:30","order_sent":{"request_id":"5978b5b1-fc94-4f71-8c27-ee50ba470c43","order_id":"","type":"LIMIT","symbol":"AAPL","side":"BUY","price":701.2,"quantity":74}}
{"event_type":"order_sent","timestamp":"2026-05-19T19:22:32.1247229+05:30","order_sent":{"request_id":"043c18fb-8e64-4f60-a02e-e59c09715859","order_id":"","type":"LIMIT","symbol":"MSFT","side":"BUY","price":981.08,"quantity":83}}
{"event_type":"order_sent","timestamp":"2026-05-19T19:22:32.1247229+05:30","order_sent":{"request_id":"caea8a47-58a7-4c58-923e-fae89ad780f5","order_id":"","type":"LIMIT","symbol":"MSFT","side":"BUY","price":392.25,"quantity":22}}
{"event_type":"order_sent","timestamp":"2026-05-19T19:22:32.1247229+05:30","order_sent":{"request_id":"69f7058f-4551-4269-bc95-fd805e962faa","order_id":"","type":"LIMIT","symbol":"MSFT","side":"BUY","price":621.01,"quantity":68}}
{"event_type":"order_sent","timestamp":"2026-05-19T19:22:32.1247229+05:30","order_sent":{"request_id":"55f18d3a-8711-4f8e-8fff-6b4fa4e6d6ba","order_id":"","type":"MARKET","symbol":"GOOG","side":"SELL","quantity":33}}
{"event_type":"order_sent","timestamp":"2026-05-19T19:22:32.1247229+05:30","order_sent":{"request_id":"1ce20f1f-0ee5-458c-9ae1-634aa83d066c","order_id":"ord-2633943692950289523","type":"CANCEL","symbol":"","side":""}}
{"event_type":"order_sent","timestamp":"2026-05-19T19:22:32.1247229+05:30","order_sent":{"request_id":"2c8676c2-92a9-4abd-a2c7-383b7234bd56","order_id":"","type":"LIMIT","symbol":"MSFT","side":"SELL","price":282.36,"quantity":56}}
{"event_type":"order_sent","timestamp":"2026-05-19T19:22:32.1247229+05:30","order_sent":{"request_id":"f5eb167d-5fbb-4d88-ae20-091ba92dd08b","order_id":"ord-128505206133251146","type":"CANCEL","symbol":"","side":""}}
{"event_type":"order_sent","timestamp":"2026-05-19T19:22:32.1247229+05:30","order_sent":{"request_id":"7c1bf67c-2608-4cd8-9b68-b627ecba63cb","order_id":"","type":"MARKET","symbol":"GOOG","side":"BUY","quantity":8}}
{"event_type":"order_sent","timestamp":"2026-05-19T19:22:32.1247229+05:30","order_sent":{"request_id":"6dd6b8c0-0ca3-4a59-aab5-8ab04598d93b","order_id":"ord-437058194796664817","type":"CANCEL","symbol":"","side":""}}
{"event_type":"order_sent","timestamp":"2026-05-19T19:22:32.1247229+05:30","order_sent":{"request_id":"7b507f77-2bcc-46c6-82d1-e6856314b259","order_id":"","type":"LIMIT","symbol":"MSFT","side":"SELL","price":730.32,"quantity":46}}
{"event_type":"order_acked","timestamp":"2026-05-19T19:22:32.1305269+05:30","order_acked":{"request_id":"8e23e243-8b6b-49fd-a9ad-5741f3370fad","status_code":201}}
{"event_type":"order_acked","timestamp":"2026-05-19T19:22:32.1388036+05:30","order_acked":{"request_id":"3ef4d3ef-72b4-42a7-97bf-ff8cef20e7d0","status_code":200}}
{"event_type":"order_acked","timestamp":"2026-05-19T19:22:32.1430124+05:30","order_acked":{"request_id":"09bbf6aa-8bdb-444f-93b4-1dbfd39f08d7","status_code":201}}
{"event_type":"execution_report","timestamp":"2026-05-19T19:22:32.1528166+05:30","execution":{"order_id":"c3b96240-371a-47a4-b830-5a772b247a18","symbol":"GOOG","side":"SELL","status":"filled","filled_qty":20,"leaves_qty":0,"price":549.62,"timestamp":"2026-05-19T13:52:32Z","match_id":"7b3a334f-3dc9-479b-98d0-2f15a4e1b0b8"}}
{"event_type":"order_acked","timestamp":"2026-05-19T19:22:32.1549979+05:30","order_acked":{"request_id":"33daa1ae-cff2-4098-a440-e23c1bd8dab5","status_code":201}}
{"event_type":"order_acked","timestamp":"2026-05-19T19:22:32.1587764+05:30","order_acked":{"request_id":"69c6a49a-c199-4500-b57b-de91393b2767","status_code":201}}
{"event_type":"execution_report","timestamp":"2026-05-19T19:22:32.1639152+05:30","execution":{"order_id":"b4c6cda9-e644-41ec-904f-20b5d382da01","symbol":"GOOG","side":"BUY","status":"filled","filled_qty":63,"leaves_qty":0,"price":199.92,"timestamp":"2026-05-19T13:52:32Z","match_id":"8d336a5a-273e-4bf2-b66f-8c9fadf2e895"}}
{"event_type":"order_acked","timestamp":"2026-05-19T19:22:32.1676303+05:30","order_acked":{"request_id":"7e9ad5c6-ecc7-471f-970b-10c3f0bfdac1","status_code":200}}
{"event_type":"order_acked","timestamp":"2026-05-19T19:22:32.1687128+05:30","order_acked":{"request_id":"f6b0e583-772f-4afd-8efb-275c30ad91e0","status_code":201}}
{"event_type":"order_acked","timestamp":"2026-05-19T19:22:32.1703708+05:30","order_acked":{"request_id":"5e74dd24-83a4-4978-a6eb-16034ac80dd8","status_code":200}}
{"event_type":"order_acked","timestamp":"2026-05-19T19:22:32.1718139+05:30","order_acked":{"request_id":"b033e33c-a788-404f-8f7a-bad88a8b3b01","status_code":201}}
{"event_type":"execution_report","timestamp":"2026-05-19T19:22:32.1793934+05:30","execution":{"order_id":"5c4a4a7e-96f6-4825-826d-fa1a9ba245ee","symbol":"AMZN","side":"SELL","status":"filled","filled_qty":13,"leaves_qty":0,"price":305.43,"timestamp":"2026-05-19T13:52:32Z","match_id":"75accdd4-f3d4-4022-acf0-41e27c270c82"}}
{"event_type":"order_acked","timestamp":"2026-05-19T19:22:32.1820949+05:30","order_acked":{"request_id":"5d5739b2-b8d7-4a58-a3fb-bf01a9eb6404","status_code":200}}
{"event_type":"order_acked","timestamp":"2026-05-19T19:22:32.1826339+05:30","order_acked":{"request_id":"f0937117-8de0-4398-94b9-e430b5030eb3","status_code":200}}
{"event_type":"order_acked","timestamp":"2026-05-19T19:22:32.1858548+05:30","order_acked":{"request_id":"801cb6b2-6c06-4394-9249-d3e5b44db9f5","status_code":201}}
{"event_type":"order_acked","timestamp":"2026-05-19T19:22:32.1874623+05:30","order_acked":{"request_id":"73f993a3-e30b-48ce-8307-9cfa7b38acb0","status_code":201}}
{"event_type":"order_acked","timestamp":"2026-05-19T19:22:32.1917567+05:30","order_acked":{"request_id":"3dca53b7-2c70-491f-a7cd-2df409844844","status_code":201}}
{"event_type":"order_acked","timestamp":"2026-05-19T19:22:32.1975993+05:30","order_acked":{"request_id":"38e9d28a-71c6-4cb3-ac23-88bb37ab4c3c","status_code":201}}
{"event_type":"execution_report","timestamp":"2026-05-19T19:22:32.1975993+05:30","execution":{"order_id":"f628abbc-eeb9-4a6d-b99f-9040be5cb7a9","symbol":"TSLA","side":"BUY","status":"filled","filled_qty":47,"leaves_qty":0,"price":641.01,"timestamp":"2026-05-19T13:52:32Z","match_id":"5cbede8d-c97b-4b20-8694-8aa90343ab34"}}
{"event_type":"execution_report","timestamp":"2026-05-19T19:22:32.1981522+05:30","execution":{"order_id":"ae2f2c5e-9563-4923-b6c4-712db22126b7","symbol":"MSFT","side":"BUY","status":"filled","filled_qty":75,"leaves_qty":0,"price":209.87,"timestamp":"2026-05-19T13:52:32Z","match_id":"d2cc04ec-2df3-4f65-b977-181ccf44d5fd"}}
{"event_type":"order_acked","timestamp":"2026-05-19T19:22:32.2008656+05:30","order_acked":{"request_id":"512df4a6-71f0-4654-bdae-2e57552a2f3d","status_code":200}}
{"event_type":"order_acked","timestamp":"2026-05-19T19:22:32.202483+05:30","order_acked":{"request_id":"e501cfda-4ab0-4fbc-8b5c-4a3391fd5eb9","status_code":201}}
{"event_type":"order_acked","timestamp":"2026-05-19T19:22:32.20472+05:30","order_acked":{"request_id":"1fbae412-ce4f-4758-addd-6905fae02b04","status_code":201}}
{"event_type":"order_acked","timestamp":"2026-05-19T19:22:32.2063384+05:30","order_acked":{"request_id":"677d892d-b8c1-43ca-bbd5-4d0fc2df1fa9","status_code":201}}
{"event_type":"order_acked","timestamp":"2026-05-19T19:22:32.207422+05:30","order_acked":{"request_id":"55877e66-c4a3-4b8b-a10f-2e626334fcb1","status_code":201}}
{"event_type":"order_acked","timestamp":"2026-05-19T19:22:32.2091623+05:30","order_acked":{"request_id":"7a938e56-08d5-4437-b677-8c2cf407c9e5","status_code":201}}
{"event_type":"order_acked","timestamp":"2026-05-19T19:22:32.2091623+05:30","order_acked":{"request_id":"00054016-bfde-4367-8da6-2cddfe94acd7","status_code":201}}
{"event_type":"order_acked","timestamp":"2026-05-19T19:22:32.2112911+05:30","order_acked":{"request_id":"dde31770-7b04-4f42-8c07-d3ce911d18a3","status_code":201}}
{"event_type":"execution_report","timestamp":"2026-05-19T19:22:32.2140018+05:30","execution":{"order_id":"4414fc5c-f08b-466c-83ac-20a28a6a6c2c","symbol":"AAPL","side":"BUY","status":"filled","filled_qty":8,"leaves_qty":0,"price":430.31,"timestamp":"2026-05-19T13:52:32Z","match_id":"9b2675f3-2df4-4e31-9686-f07defcf3dfa"}}
{"event_type":"execution_report","timestamp":"2026-05-19T19:22:32.2145199+05:30","execution":{"order_id":"87189725-323c-4755-a100-020adbff2fb1","symbol":"AAPL","side":"BUY","status":"filled","filled_qty":94,"leaves_qty":0,"price":634.68,"timestamp":"2026-05-19T13:52:32Z","match_id":"ebf86e50-658d-4c9d-abf5-64171067334c"}}
{"event_type":"order_acked","timestamp":"2026-05-19T19:22:32.2158147+05:30","order_acked":{"request_id":"727305c0-fcd6-4068-bf35-9fc19973ff46","status_code":201}}
{"event_type":"order_acked","timestamp":"2026-05-19T19:22:32.2185131+05:30","order_acked":{"request_id":"241ece26-5113-470b-9f46-15ecd109c5fe","status_code":200}}
{"event_type":"order_acked","timestamp":"2026-05-19T19:22:32.2196104+05:30","order_acked":{"request_id":"2afe7021-c62c-4726-bc5d-239b1c825eb1","status_code":201}}
{"event_type":"order_acked","timestamp":"2026-05-19T19:22:32.2222711+05:30","order_acked":{"request_id":"a27c05e2-1e16-4bbd-a682-29937298cff6","status_code":201}}
{"event_type":"order_acked","timestamp":"2026-05-19T19:22:32.2222711+05:30","order_acked":{"request_id":"24f17ac6-3353-4724-a735-8b42914ea249","status_code":200}}
{"event_type":"order_acked","timestamp":"2026-05-19T19:22:32.2234452+05:30","order_acked":{"request_id":"afd0c5ce-5703-4fa1-a7e3-423c1a92f3a6","status_code":201}}
{"event_type":"execution_report","timestamp":"2026-05-19T19:22:32.2255904+05:30","execution":{"order_id":"6518f78c-63ec-45f7-b8c5-b2b4ff628220","symbol":"AAPL","side":"SELL","status":"filled","filled_qty":97,"leaves_qty":0,"price":939.85,"timestamp":"2026-05-19T13:52:32Z","match_id":"9c6d806e-1149-4a9b-b908-64bd5996d24d"}}
{"event_type":"order_acked","timestamp":"2026-05-19T19:22:32.2277644+05:30","order_acked":{"request_id":"ac4a139a-d80f-432d-96e3-f4b0ce2cd928","status_code":201}}
{"event_type":"order_acked","timestamp":"2026-05-19T19:22:32.2310224+05:30","order_acked":{"request_id":"6a9bc507-92d3-4734-add4-37bab137c714","status_code":200}}
{"event_type":"order_acked","timestamp":"2026-05-19T19:22:32.2332078+05:30","order_acked":{"request_id":"95799904-3b64-451d-b182-dc7c8b312c38","status_code":201}}
{"event_type":"execution_report","timestamp":"2026-05-19T19:22:32.2332078+05:30","execution":{"order_id":"c18a6fe7-e744-4883-a756-9a34c2d55b60","symbol":"GOOG","side":"BUY","status":"filled","filled_qty":26,"leaves_qty":0,"price":907.9,"timestamp":"2026-05-19T13:52:32Z","match_id":"fd31b6e2-eea5-46fe-8eb4-c4b5913477c7"}}
{"event_type":"order_acked","timestamp":"2026-05-19T19:22:32.2374778+05:30","order_acked":{"request_id":"cfa5a41d-d49c-4a3d-84de-644418540562","status_code":201}}
{"event_type":"order_acked","timestamp":"2026-05-19T19:22:32.240078+05:30","order_acked":{"request_id":"ddfe272b-d867-4b01-9de6-1e399832ddbb","status_code":201}}
{"event_type":"order_acked","timestamp":"2026-05-19T19:22:32.2444296+05:30","order_acked":{"request_id":"6a2b7359-9994-44a1-982d-4b58b505b33f","status_code":201}}
{"event_type":"execution_report","timestamp":"2026-05-19T19:22:32.2454625+05:30","execution":{"order_id":"35c2a565-0483-4e44-8e56-ee926eab072a","symbol":"AAPL","side":"BUY","status":"filled","filled_qty":59,"leaves_qty":0,"price":951.85,"timestamp":"2026-05-19T13:52:32Z","match_id":"5835849b-8872-45b9-86b6-c0cbd785e5d4"}}
{"event_type":"order_acked","timestamp":"2026-05-19T19:22:32.2470862+05:30","order_acked":{"request_id":"ad42eb6a-811e-4feb-a9f8-00eaf5894d03","status_code":201}}
{"event_type":"order_acked","timestamp":"2026-05-19T19:22:32.249788+05:30","order_acked":{"request_id":"695584c4-4180-43e1-b1fb-c8f74a375260","status_code":201}}
{"event_type":"order_acked","timestamp":"2026-05-19T19:22:32.251508+05:30","order_acked":{"request_id":"3bba27bb-17cb-4de9-82a4-7f45bd35044e","status_code":201}}
{"event_type":"order_acked","timestamp":"2026-05-19T19:22:32.252027+05:30","order_acked":{"request_id":"d912ab65-3cdc-4532-be06-f106eb5f0e21","status_code":201}}
{"event_type":"execution_report","timestamp":"2026-05-19T19:22:32.252587+05:30","execution":{"order_id":"77706c03-fec5-41b3-875f-e73e4b585c4f","symbol":"AAPL","side":"BUY","status":"filled","filled_qty":32,"leaves_qty":0,"price":777.04,"timestamp":"2026-05-19T13:52:32Z","match_id":"e7426f21-4bee-4a9c-92e2-7490215c17fa"}}
{"event_type":"order_acked","timestamp":"2026-05-19T19:22:32.2531549+05:30","order_acked":{"request_id":"aaf1e5cd-3b9b-4b53-b09b-9dc491a0b181","status_code":201}}
{"event_type":"execution_report","timestamp":"2026-05-19T19:22:32.2548531+05:30","execution":{"order_id":"d89d0f3f-7bdc-4b7f-b86f-da3aecefbd87","symbol":"AMZN","side":"SELL","status":"filled","filled_qty":56,"leaves_qty":0,"price":641.72,"timestamp":"2026-05-19T13:52:32Z","match_id":"25c9e61a-af62-4bd2-9277-820211bce56e"}}
{"event_type":"order_acked","timestamp":"2026-05-19T19:22:32.2576254+05:30","order_acked":{"request_id":"6d97a8c5-dbe2-473d-bebc-9fae0e3da676","status_code":200}}
{"event_type":"order_acked","timestamp":"2026-05-19T19:22:32.2581808+05:30","order_acked":{"request_id":"e5431c43-c21c-4486-8451-b52eec1fe268","status_code":201}}
{"event_type":"execution_report","timestamp":"2026-05-19T19:22:32.2587261+05:30","execution":{"order_id":"0a000584-9172-4013-b796-4b5af592a062","symbol":"AAPL","side":"SELL","status":"filled","filled_qty":87,"leaves_qty":0,"price":632.37,"timestamp":"2026-05-19T13:52:32Z","match_id":"1a3333f6-1921-4663-a006-753774d10f4c"}}
{"event_type":"execution_report","timestamp":"2026-05-19T19:22:32.2614022+05:30","execution":{"order_id":"1521b9ae-2009-412b-bfed-5c46f17374ff","symbol":"AMZN","side":"BUY","status":"filled","filled_qty":14,"leaves_qty":0,"price":605.34,"timestamp":"2026-05-19T13:52:32Z","match_id":"9f85c577-bc7c-42f2-827a-c1d7a558b21d"}}
{"event_type":"order_acked","timestamp":"2026-05-19T19:22:32.2641574+05:30","order_acked":{"request_id":"dd5dd1a2-c04d-43cf-b78e-e39797ee4c2b","status_code":201}}
{"event_type":"execution_report","timestamp":"2026-05-19T19:22:32.2678784+05:30","execution":{"order_id":"aa6a833b-0445-469b-b163-061600ce5562","symbol":"AMZN","side":"SELL","status":"filled","filled_qty":75,"leaves_qty":0,"price":506.11,"timestamp":"2026-05-19T13:52:32Z","match_id":"1324223c-0478-44ef-9d59-2edfdd52b05e"}}
{"event_type":"order_acked","timestamp":"2026-05-19T19:22:32.2692134+05:30","order_acked":{"request_id":"fbf88e59-cf54-43b7-947c-444b1f69e7f8","status_code":201}}
{"event_type":"execution_report","timestamp":"2026-05-19T19:22:32.2767012+05:30","execution":{"order_id":"4cb7daff-179d-4cb1-8d43-44f11289bcdb","symbol":"AMZN","side":"BUY","status":"filled","filled_qty":4,"leaves_qty":0,"price":498.69,"timestamp":"2026-05-19T13:52:32Z","match_id":"7438a8a1-6939-4ed5-a508-b98ef6bf0f3f"}}
{"event_type":"order_acked","timestamp":"2026-05-19T19:22:32.2799678+05:30","order_acked":{"request_id":"138bbd0f-210b-4166-8ccb-1b3db0390570","status_code":201}}
{"event_type":"order_acked","timestamp":"2026-05-19T19:22:32.2823298+05:30","order_acked":{"request_id":"e90bbc34-09a2-45f6-ad42-bc46f4a4cdac","status_code":201}}
{"event_type":"order_acked","timestamp":"2026-05-19T19:22:32.2828514+05:30","order_acked":{"request_id":"fcbbd4bb-37fd-45f2-b949-d8a3b9f9b65b","status_code":201}}
{"event_type":"execution_report","timestamp":"2026-05-19T19:22:32.2839161+05:30","execution":{"order_id":"6966cbfe-1a9d-423e-9cf6-111944a3962e","symbol":"AAPL","side":"SELL","status":"filled","filled_qty":23,"leaves_qty":0,"price":689.93,"timestamp":"2026-05-19T13:52:32Z","match_id":"e8b0ade7-a3a7-4235-91e1-c1ea735c5d6a"}}
{"event_type":"order_acked","timestamp":"2026-05-19T19:22:32.2855711+05:30","order_acked":{"request_id":"80c3987d-9089-40e0-9a63-b1d48bd88069","status_code":201}}
{"event_type":"execution_report","timestamp":"2026-05-19T19:22:32.2866416+05:30","execution":{"order_id":"93455bdf-c7cb-48f9-9716-cfbf94bbb2c3","symbol":"MSFT","side":"SELL","status":"filled","filled_qty":91,"leaves_qty":0,"price":155.07,"timestamp":"2026-05-19T13:52:32Z","match_id":"52ce3d8b-0b5b-491a-8f30-bd71f0158f68"}}
{"event_type":"execution_report","timestamp":"2026-05-19T19:22:32.2866416+05:30","execution":{"order_id":"aafa98d7-ea5d-41e0-b55f-fbe9987a7cf8","symbol":"AAPL","side":"BUY","status":"filled","filled_qty":72,"leaves_qty":0,"price":336.37,"timestamp":"2026-05-19T13:52:32Z","match_id":"1540102e-36a5-4bde-8c53-62021b866503"}}
{"event_type":"order_acked","timestamp":"2026-05-19T19:22:32.2882632+05:30","order_acked":{"request_id":"6778190f-7339-4d0d-a4c0-492c759beef2","status_code":201}}
{"event_type":"execution_report","timestamp":"2026-05-19T19:22:32.2904613+05:30","execution":{"order_id":"1ea910d5-9129-4449-9934-cea1910b4c8c","symbol":"AMZN","side":"BUY","status":"filled","filled_qty":33,"leaves_qty":0,"price":721.58,"timestamp":"2026-05-19T13:52:32Z","match_id":"fd493fdc-36a1-477f-be80-9781018c7dd9"}}
{"event_type":"order_acked","timestamp":"2026-05-19T19:22:32.2931599+05:30","order_acked":{"request_id":"135869e3-a6ad-4bef-8d5b-972acd8e8727","status_code":201}}
{"event_type":"execution_report","timestamp":"2026-05-19T19:22:32.295306+05:30","execution":{"order_id":"ed73eb17-81e9-491f-a06f-bde3e31f0162","symbol":"AMZN","side":"SELL","status":"filled","filled_qty":17,"leaves_qty":0,"price":306.64,"timestamp":"2026-05-19T13:52:32Z","match_id":"ce7520b8-b21e-4a57-ba29-c058d6b4dccb"}}
{"event_type":"order_acked","timestamp":"2026-05-19T19:22:32.297521+05:30","order_acked":{"request_id":"90660ffd-2a04-4521-a53e-1d5dcfdda022","status_code":200}}
{"event_type":"execution_report","timestamp":"2026-05-19T19:22:32.2980841+05:30","execution":{"order_id":"0a1ff57a-2a64-4629-b20a-661dea2b59e2","symbol":"GOOG","side":"BUY","status":"filled","filled_qty":95,"leaves_qty":0,"price":350.21,"timestamp":"2026-05-19T13:52:32Z","match_id":"1a598e7c-087c-4526-b652-92257d3043f4"}}
{"event_type":"order_acked","timestamp":"2026-05-19T19:22:32.2997517+05:30","order_acked":{"request_id":"2f5290c7-9e27-4395-b7cf-4723b24791ef","status_code":201}}
{"event_type":"order_acked","timestamp":"2026-05-19T19:22:32.303023+05:30","order_acked":{"request_id":"c6a3c8ce-e11b-4bcf-8218-58d7dc26cfcf","status_code":201}}
{"event_type":"order_acked","timestamp":"2026-05-19T19:22:32.3057175+05:30","order_acked":{"request_id":"f2b6d4d0-e2c5-49fa-8fdf-3e52d8fabbe9","status_code":200}}
{"event_type":"order_acked","timestamp":"2026-05-19T19:22:32.3062586+05:30","order_acked":{"request_id":"4372e4ca-08f4-4767-9c3e-31c1db0f556e","status_code":201}}
{"event_type":"order_acked","timestamp":"2026-05-19T19:22:32.3067787+05:30","order_acked":{"request_id":"6089774f-862d-4bcc-9b93-2780361bd2f8","status_code":201}}
{"event_type":"order_acked","timestamp":"2026-05-19T19:22:32.3078536+05:30","order_acked":{"request_id":"7b8fc178-6be7-46e0-8ee7-83ba918270e6","status_code":201}}
{"event_type":"order_acked","timestamp":"2026-05-19T19:22:32.310593+05:30","order_acked":{"request_id":"b63cbe3e-c633-463a-8b0e-671043aed97b","status_code":200}}
{"event_type":"execution_report","timestamp":"2026-05-19T19:22:32.3132978+05:30","execution":{"order_id":"a2f86e86-132e-46c2-91fd-90998df57207","symbol":"AMZN","side":"SELL","status":"filled","filled_qty":60,"leaves_qty":0,"price":182.1,"timestamp":"2026-05-19T13:52:32Z","match_id":"ccf685b4-bca5-4af5-9f13-24087ee792c4"}}
{"event_type":"execution_report","timestamp":"2026-05-19T19:22:32.3144304+05:30","execution":{"order_id":"25361e31-85e5-4935-9baa-df0517e62a68","symbol":"AMZN","side":"SELL","status":"filled","filled_qty":99,"leaves_qty":0,"price":902.94,"timestamp":"2026-05-19T13:52:32Z","match_id":"38c0fa88-10a2-432d-bc73-bba98ba7c687"}}
{"event_type":"order_acked","timestamp":"2026-05-19T19:22:32.3155751+05:30","order_acked":{"request_id":"a207b4e6-f551-4b8d-8cc5-3dca66336fcf","status_code":201}}
{"event_type":"order_acked","timestamp":"2026-05-19T19:22:32.3182837+05:30","order_acked":{"request_id":"e16f37e9-667c-4252-b29d-a82fb1abcab6","status_code":200}}
{"event_type":"order_acked","timestamp":"2026-05-19T19:22:32.318848+05:30","order_acked":{"request_id":"8d506590-3bdf-4eb9-8175-1727f9dfb309","status_code":201}}
{"event_type":"order_acked","timestamp":"2026-05-19T19:22:32.3215717+05:30","order_acked":{"request_id":"84a36204-a826-41a7-bcf3-4778a59364d4","status_code":201}}
{"event_type":"order_acked","timestamp":"2026-05-19T19:22:32.3242849+05:30","order_acked":{"request_id":"865ffb56-9d7b-43b2-ab7f-d610107be3c8","status_code":201}}
{"event_type":"order_acked","timestamp":"2026-05-19T19:22:32.3275182+05:30","order_acked":{"request_id":"bedabae3-e894-45d6-93c9-81974a2ed33d","status_code":201}}
{"event_type":"execution_report","timestamp":"2026-05-19T19:22:32.3298313+05:30","execution":{"order_id":"f95ff179-3d0b-40ab-9919-b07a18482cc3","symbol":"TSLA","side":"SELL","status":"filled","filled_qty":79,"leaves_qty":0,"price":357.48,"timestamp":"2026-05-19T13:52:32Z","match_id":"45cf0f85-5802-49cd-9fcf-013d7d8455f3"}}
{"event_type":"execution_report","timestamp":"2026-05-19T19:22:32.3303635+05:30","execution":{"order_id":"ea8112fc-fcec-4938-97e6-2d2eecdc34d3","symbol":"AAPL","side":"SELL","status":"filled","filled_qty":63,"leaves_qty":0,"price":888.39,"timestamp":"2026-05-19T13:52:32Z","match_id":"6b680674-122c-4046-9aa7-c766040a597a"}}
{"event_type":"order_acked","timestamp":"2026-05-19T19:22:32.3326044+05:30","order_acked":{"request_id":"e4e0a403-7fa6-446f-8501-8522ed938955","status_code":201}}
{"event_type":"execution_report","timestamp":"2026-05-19T19:22:32.3326044+05:30","execution":{"order_id":"01300c8b-805b-49dd-956d-f32f47279197","symbol":"TSLA","side":"BUY","status":"filled","filled_qty":61,"leaves_qty":0,"price":632.68,"timestamp":"2026-05-19T13:52:32Z","match_id":"facbb990-8e7c-44a4-bc30-f0c51bac2980"}}
{"event_type":"execution_report","timestamp":"2026-05-19T19:22:32.3367808+05:30","execution":{"order_id":"ae20d81e-0163-43f9-a4c8-83969c1aa45e","symbol":"MSFT","side":"BUY","status":"filled","filled_qty":94,"leaves_qty":0,"price":613.66,"timestamp":"2026-05-19T13:52:32Z","match_id":"8d59fac2-bc84-4957-a470-5dfc1bbe6d4e"}}
{"event_type":"order_acked","timestamp":"2026-05-19T19:22:32.3378596+05:30","order_acked":{"request_id":"b0f36a47-b9c5-4a7b-ac91-019ecfef0cdd","status_code":201}}
{"event_type":"order_acked","timestamp":"2026-05-19T19:22:32.3389605+05:30","order_acked":{"request_id":"05c0cb43-7104-404d-9840-0498ad549e4c","status_code":201}}
{"event_type":"execution_report","timestamp":"2026-05-19T19:22:32.3400317+05:30","execution":{"order_id":"cff65105-84e3-407f-be12-c3b09e314988","symbol":"AAPL","side":"BUY","status":"filled","filled_qty":68,"leaves_qty":0,"price":531.16,"timestamp":"2026-05-19T13:52:32Z","match_id":"bf346998-846b-4e77-b6fa-f86db2835e81"}}
{"event_type":"order_acked","timestamp":"2026-05-19T19:22:32.3405704+05:30","order_acked":{"request_id":"8686d40b-b0ca-4af3-b7f7-a23bd2365678","status_code":201}}
{"event_type":"execution_report","timestamp":"2026-05-19T19:22:32.3410973+05:30","execution":{"order_id":"db16094f-b354-47e1-9379-247f090225c9","symbol":"TSLA","side":"SELL","status":"filled","filled_qty":38,"leaves_qty":0,"price":421.92,"timestamp":"2026-05-19T13:52:32Z","match_id":"698ad67a-3a2f-4dfb-8ed0-cc607f48399a"}}
{"event_type":"order_acked","timestamp":"2026-05-19T19:22:32.3427247+05:30","order_acked":{"request_id":"a5c71673-1bb9-4e9c-b213-b7dc0f2fc3c6","status_code":201}}
{"event_type":"order_acked","timestamp":"2026-05-19T19:22:32.3443559+05:30","order_acked":{"request_id":"5d51f698-00a2-4480-a119-173d4277ac90","status_code":201}}
