{"event_type":"order_sent","timestamp":"2026-05-19T17:50:23.910183+05:30","order_sent":{"request_id":"0c9437a1-32eb-4f56-9e64-64b774949182","order_id":"","type":"MARKET","symbol":"AMZN","side":"SELL","quantity":34}}
{"event_type":"order_sent","timestamp":"2026-05-19T17:50:23.910183+05:30","order_sent":{"request_id":"a916f308-b648-4193-b019-edea15c7d133","order_id":"","type":"LIMIT","symbol":"GOOG","side":"SELL","price":475.72,"quantity":89}}
{"event_type":"order_sent","timestamp":"2026-05-19T17:50:23.910183+05:30","order_sent":{"request_id":"b4a640d7-5b6f-4338-8dc8-ab0e4d2465c6","order_id":"ord-4404369557673858313","type":"CANCEL","symbol":"","side":""}}
{"event_type":"order_sent","timestamp":"2026-05-19T17:50:23.9107447+05:30","order_sent":{"request_id":"98ce7d47-683d-42fa-8c96-fcf7fa3a868b","order_id":"","type":"LIMIT","symbol":"GOOG","side":"SELL","price":527.38,"quantity":1}}
{"event_type":"order_sent","timestamp":"2026-05-19T17:50:23.9112716+05:30","order_sent":{"request_id":"7ab0c7c5-0139-4789-ba68-d7999eaed29e","order_id":"","type":"MARKET","symbol":"GOOG","side":"SELL","quantity":12}}
{"event_type":"order_sent","timestamp":"2026-05-19T17:50:23.9112716+05:30","order_sent":{"request_id":"c13f45a2-ebaf-4663-9213-a96b364f997d","order_id":"","type":"LIMIT","symbol":"AAPL","side":"BUY","price":273.06,"quantity":70}}
{"event_type":"order_sent","timestamp":"2026-05-19T17:50:23.9112716+05:30","order_sent":{"request_id":"fb17ad5f-4c6d-4fda-a9ad-6d476aedc21d","order_id":"","type":"LIMIT","symbol":"AMZN","side":"BUY","price":258.45,"quantity":36}}
{"event_type":"order_sent","timestamp":"2026-05-19T17:50:23.9112716+05:30","order_sent":{"request_id":"7c25b6fe-c18f-4d74-8170-fb130b378c36","order_id":"","type":"LIMIT","symbol":"GOOG","side":"BUY","price":569.35,"quantity":47}}
{"event_type":"order_sent","timestamp":"2026-05-19T17:50:23.9112716+05:30","order_sent":{"request_id":"13357821-1ec3-4fce-86eb-21ed130ce741","order_id":"","type":"MARKET","symbol":"MSFT","side":"BUY","quantity":28}}
{"event_type":"order_sent","timestamp":"2026-05-19T17:50:23.9112716+05:30","order_sent":{"request_id":"5e1b8459-e746-4054-9fee-d97194d4ec0a","order_id":"","type":"LIMIT","symbol":"TSLA","side":"SELL","price":623.21,"quantity":66}}
{"event_type":"order_sent","timestamp":"2026-05-19T17:50:23.9107447+05:30","order_sent":{"request_id":"ff2b553e-b4cd-4ead-b59a-914db2fe93e5","order_id":"","type":"LIMIT","symbol":"GOOG","side":"SELL","price":633.35,"quantity":37}}
{"event_type":"order_sent","timestamp":"2026-05-19T17:50:23.9112716+05:30","order_sent":{"request_id":"3c8b2902-ff29-4753-97bd-3fa0d4619939","order_id":"","type":"LIMIT","symbol":"MSFT","side":"SELL","price":314.97,"quantity":43}}
{"event_type":"order_sent","timestamp":"2026-05-19T17:50:23.9112716+05:30","order_sent":{"request_id":"6884862b-1663-4ac7-8657-e29351460cf3","order_id":"ord-3511066863762141867","type":"CANCEL","symbol":"","side":""}}
{"event_type":"order_sent","timestamp":"2026-05-19T17:50:23.9112716+05:30","order_sent":{"request_id":"f7aa71cc-0152-4c53-a7d9-7b4e656ba8c0","order_id":"","type":"MARKET","symbol":"MSFT","side":"BUY","quantity":16}}
{"event_type":"order_sent","timestamp":"2026-05-19T17:50:23.9118586+05:30","order_sent":{"request_id":"0e8de31a-4a46-4036-b629-a6196cc62945","order_id":"","type":"LIMIT","symbol":"GOOG","side":"SELL","price":505.63,"quantity":63}}
{"event_type":"order_sent","timestamp":"2026-05-19T17:50:23.9112716+05:30","order_sent":{"request_id":"c3320e91-0744-467c-b6c9-935e7cdf95d4","order_id":"","type":"MARKET","symbol":"MSFT","side":"BUY","quantity":6}}
{"event_type":"order_sent","timestamp":"2026-05-19T17:50:23.9112716+05:30","order_sent":{"request_id":"44758b83-30f9-458a-a2d2-41f7fffb28ed","order_id":"","type":"LIMIT","symbol":"MSFT","side":"SELL","price":618.41,"quantity":55}}
{"event_type":"order_sent","timestamp":"2026-05-19T17:50:23.9118586+05:30","order_sent":{"request_id":"db510b2e-4450-49b4-b9bd-25f5d1570875","order_id":"","type":"MARKET","symbol":"AAPL","side":"SELL","quantity":1}}
{"event_type":"order_sent","timestamp":"2026-05-19T17:50:23.9107447+05:30","order_sent":{"request_id":"66cc3367-3068-435e-89a0-bd36b3370a1f","order_id":"","type":"LIMIT","symbol":"TSLA","side":"SELL","price":617.87,"quantity":63}}
{"event_type":"order_sent","timestamp":"2026-05-19T17:50:23.910183+05:30","order_sent":{"request_id":"cf0bf99b-2614-4ced-9692-4cc4aeae0004","order_id":"ord-8867877323299243997","type":"CANCEL","symbol":"","side":""}}
{"event_type":"order_sent","timestamp":"2026-05-19T17:50:23.9107447+05:30","order_sent":{"request_id":"5af4b0fd-d124-450a-8fd7-8e2d3e908f5e","order_id":"ord-6308427616654490570","type":"CANCEL","symbol":"","side":""}}
{"event_type":"order_sent","timestamp":"2026-05-19T17:50:23.9118586+05:30","order_sent":{"request_id":"9251386a-4e9a-45e8-999a-42724222eca4","order_id":"ord-7534891529394313267","type":"CANCEL","symbol":"","side":""}}
{"event_type":"order_sent","timestamp":"2026-05-19T17:50:23.910183+05:30","order_sent":{"request_id":"177717f6-181d-4f28-83e1-efb9da5fab58","order_id":"","type":"MARKET","symbol":"GOOG","side":"BUY","quantity":43}}
{"event_type":"order_sent","timestamp":"2026-05-19T17:50:23.9112716+05:30","order_sent":{"request_id":"8c4a6edc-28e2-4a5c-a375-0b6b4caf61bd","order_id":"","type":"MARKET","symbol":"TSLA","side":"BUY","quantity":2}}
{"event_type":"order_sent","timestamp":"2026-05-19T17:50:23.9125258+05:30","order_sent":{"request_id":"55d2928b-e0f8-4b66-94c7-cbebc48e1fc2","order_id":"","type":"LIMIT","symbol":"MSFT","side":"SELL","price":205.13,"quantity":69}}
{"event_type":"order_sent","timestamp":"2026-05-19T17:50:23.910183+05:30","order_sent":{"request_id":"1900b2ad-1584-4f8a-b1b4-92173078a05a","order_id":"","type":"LIMIT","symbol":"AAPL","side":"BUY","price":582.8,"quantity":15}}
{"event_type":"order_sent","timestamp":"2026-05-19T17:50:23.910183+05:30","order_sent":{"request_id":"870848f6-a2df-4b0d-82f5-137db655c297","order_id":"ord-830488202123289208","type":"CANCEL","symbol":"","side":""}}
{"event_type":"order_sent","timestamp":"2026-05-19T17:50:23.910183+05:30","order_sent":{"request_id":"c7d2049a-a169-4c66-897a-32c14e0e7d30","order_id":"ord-8964629910453656374","type":"CANCEL","symbol":"","side":""}}
{"event_type":"order_sent","timestamp":"2026-05-19T17:50:23.910183+05:30","order_sent":{"request_id":"f98320e9-7ea4-4a44-a861-458beeb1f29b","order_id":"","type":"LIMIT","symbol":"AAPL","side":"SELL","price":870.89,"quantity":54}}
{"event_type":"order_sent","timestamp":"2026-05-19T17:50:23.910183+05:30","order_sent":{"request_id":"96947990-212e-4752-89b2-41826e9104f2","order_id":"","type":"LIMIT","symbol":"MSFT","side":"SELL","price":103.79,"quantity":94}}
{"event_type":"order_sent","timestamp":"2026-05-19T17:50:23.910183+05:30","order_sent":{"request_id":"f1eb7f9c-ed84-47a3-aee2-a8afbd7aead2","order_id":"","type":"MARKET","symbol":"GOOG","side":"SELL","quantity":16}}
{"event_type":"order_sent","timestamp":"2026-05-19T17:50:23.910183+05:30","order_sent":{"request_id":"ae59b44c-6f9a-4ee5-aeb9-ecf8a9967c1c","order_id":"","type":"LIMIT","symbol":"GOOG","side":"BUY","price":223.8,"quantity":11}}
{"event_type":"order_sent","timestamp":"2026-05-19T17:50:23.910183+05:30","order_sent":{"request_id":"f127d598-82cc-4910-8e16-515bd614f7bb","order_id":"","type":"MARKET","symbol":"GOOG","side":"SELL","quantity":40}}
{"event_type":"order_sent","timestamp":"2026-05-19T17:50:23.910183+05:30","order_sent":{"request_id":"9d8f972d-5c02-4946-a7be-b7350b61b8de","order_id":"ord-3980363008991959037","type":"CANCEL","symbol":"","side":""}}
{"event_type":"order_sent","timestamp":"2026-05-19T17:50:23.910183+05:30","order_sent":{"request_id":"426a2a76-e7f2-4da8-9c42-5734d424df77","order_id":"","type":"LIMIT","symbol":"GOOG","side":"SELL","price":289.28,"quantity":90}}
{"event_type":"order_sent","timestamp":"2026-05-19T17:50:23.910183+05:30","order_sent":{"request_id":"cc52c3a8-682b-4846-a0d8-b12e95ea0e3f","order_id":"ord-1274995424577672977","type":"CANCEL","symbol":"","side":""}}
{"event_type":"order_sent","timestamp":"2026-05-19T17:50:23.910183+05:30","order_sent":{"request_id":"6eae7053-ca24-4614-ba0e-f531cbba8040","order_id":"","type":"MARKET","symbol":"MSFT","side":"SELL","quantity":26}}
{"event_type":"order_sent","timestamp":"2026-05-19T17:50:23.910183+05:30","order_sent":{"request_id":"3ed7b7c6-9434-498b-b685-85e414f44055","order_id":"","type":"LIMIT","symbol":"MSFT","side":"SELL","price":113.53,"quantity":88}}
{"event_type":"order_sent","timestamp":"2026-05-19T17:50:23.910183+05:30","order_sent":{"request_id":"9ad14f8a-de47-49de-8fd0-992d1d450b39","order_id":"","type":"LIMIT","symbol":"GOOG","side":"BUY","price":373.29,"quantity":69}}
{"event_type":"order_sent","timestamp":"2026-05-19T17:50:23.910183+05:30","order_sent":{"request_id":"3732c3a4-5b47-4b83-9fb4-2ba0ee19c7f3","order_id":"","type":"MARKET","symbol":"MSFT","side":"BUY","quantity":19}}
{"event_type":"order_sent","timestamp":"2026-05-19T17:50:23.910183+05:30","order_sent":{"request_id":"072a34f9-80b6-47f3-9ec5-dd533e1f7d6a","order_id":"","type":"MARKET","symbol":"AAPL","side":"BUY","quantity":27}}
{"event_type":"order_sent","timestamp":"2026-05-19T17:50:23.9107447+05:30","order_sent":{"request_id":"bb65ae9d-6195-4751-829d-aa854a046b4f","order_id":"","type":"LIMIT","symbol":"AAPL","side":"BUY","price":411.6,"quantity":97}}
{"event_type":"order_sent","timestamp":"2026-05-19T17:50:23.9107447+05:30","order_sent":{"request_id":"9216d5e8-b8c7-4b77-a402-fe5d62f0b9b3","order_id":"ord-2659015147139848699","type":"CANCEL","symbol":"","side":""}}
{"event_type":"order_sent","timestamp":"2026-05-19T17:50:23.9107447+05:30","order_sent":{"request_id":"99160155-d505-4469-9eec-114411a401ee","order_id":"ord-7786838155958020968","type":"CANCEL","symbol":"","side":""}}
{"event_type":"order_sent","timestamp":"2026-05-19T17:50:23.9107447+05:30","order_sent":{"request_id":"cf923660-54e4-4c0f-a790-105676698dd5","order_id":"","type":"MARKET","symbol":"MSFT","side":"SELL","quantity":28}}
{"event_type":"order_sent","timestamp":"2026-05-19T17:50:23.9107447+05:30","order_sent":{"request_id":"bb5645aa-c4f3-43ba-92b6-5a20ab8b9054","order_id":"","type":"MARKET","symbol":"AAPL","side":"BUY","quantity":9}}
{"event_type":"order_sent","timestamp":"2026-05-19T17:50:23.910183+05:30","order_sent":{"request_id":"d0ba9668-e51e-476e-b192-ededbe46df43","order_id":"","type":"MARKET","symbol":"AMZN","side":"BUY","quantity":18}}
{"event_type":"order_sent","timestamp":"2026-05-19T17:50:23.9107447+05:30","order_sent":{"request_id":"813ff951-ec2e-44c0-80ac-14ca08b88dfd","order_id":"","type":"MARKET","symbol":"MSFT","side":"SELL","quantity":18}}
{"event_type":"order_sent","timestamp":"2026-05-19T17:50:23.9107447+05:30","order_sent":{"request_id":"fc917155-1c17-4cfc-9a6b-6739dbe9ba9d","order_id":"","type":"MARKET","symbol":"AMZN","side":"BUY","quantity":7}}
{"event_type":"order_sent","timestamp":"2026-05-19T17:50:23.9107447+05:30","order_sent":{"request_id":"e1af55d5-2304-4537-a5d5-974b26a5a77d","order_id":"","type":"MARKET","symbol":"AAPL","side":"SELL","quantity":12}}
{"event_type":"order_sent","timestamp":"2026-05-19T17:50:23.9107447+05:30","order_sent":{"request_id":"df64aeeb-65c6-4449-a653-7cec77c7e2fa","order_id":"","type":"LIMIT","symbol":"AMZN","side":"BUY","price":442.74,"quantity":32}}
{"event_type":"order_sent","timestamp":"2026-05-19T17:50:23.9107447+05:30","order_sent":{"request_id":"e7589a70-7cf4-4f7b-bbde-b3bb5648ad73","order_id":"","type":"LIMIT","symbol":"MSFT","side":"BUY","price":687.24,"quantity":1}}
{"event_type":"order_sent","timestamp":"2026-05-19T17:50:23.9107447+05:30","order_sent":{"request_id":"f027123d-f305-4a80-9941-60e1fef581d0","order_id":"","type":"LIMIT","symbol":"TSLA","side":"SELL","price":499.9,"quantity":17}}
{"event_type":"order_sent","timestamp":"2026-05-19T17:50:23.910183+05:30","order_sent":{"request_id":"534d8f0c-032d-4c1d-83b2-3c0152d14575","order_id":"","type":"LIMIT","symbol":"GOOG","side":"BUY","price":976.01,"quantity":75}}
{"event_type":"order_sent","timestamp":"2026-05-19T17:50:23.910183+05:30","order_sent":{"request_id":"8001cf45-f5ec-4c02-a369-584832533143","order_id":"","type":"LIMIT","symbol":"GOOG","side":"SELL","price":859.62,"quantity":73}}
{"event_type":"order_sent","timestamp":"2026-05-19T17:50:23.910183+05:30","order_sent":{"request_id":"2999bd7a-7e4a-49de-b390-fa409111102f","order_id":"","type":"MARKET","symbol":"AAPL","side":"SELL","quantity":21}}
{"event_type":"order_sent","timestamp":"2026-05-19T17:50:23.910183+05:30","order_sent":{"request_id":"0767b5d9-7ff0-4c24-99f1-6da6c4e0b819","order_id":"","type":"LIMIT","symbol":"TSLA","side":"SELL","price":157.77,"quantity":26}}
{"event_type":"order_sent","timestamp":"2026-05-19T17:50:23.910183+05:30","order_sent":{"request_id":"b39e5f8a-d103-45c7-869f-498b9733a955","order_id":"","type":"LIMIT","symbol":"AMZN","side":"BUY","price":217.29,"quantity":73}}
{"event_type":"order_sent","timestamp":"2026-05-19T17:50:23.910183+05:30","order_sent":{"request_id":"02828094-32d5-435b-95e4-95d47a5e8309","order_id":"","type":"LIMIT","symbol":"TSLA","side":"BUY","price":938.36,"quantity":7}}
{"event_type":"order_sent","timestamp":"2026-05-19T17:50:23.9107447+05:30","order_sent":{"request_id":"beda3a60-9f42-49ec-a1dd-3c7643c46ad8","order_id":"","type":"LIMIT","symbol":"TSLA","side":"BUY","price":719.88,"quantity":77}}
{"event_type":"order_sent","timestamp":"2026-05-19T17:50:23.9107447+05:30","order_sent":{"request_id":"91f47035-0859-49f6-a4da-1015b8b5217a","order_id":"","type":"LIMIT","symbol":"TSLA","side":"BUY","price":844.55,"quantity":28}}
{"event_type":"order_sent","timestamp":"2026-05-19T17:50:23.9107447+05:30","order_sent":{"request_id":"117c9144-0d28-423d-ae90-bc1010d40ec5","order_id":"","type":"LIMIT","symbol":"TSLA","side":"BUY","price":276.77,"quantity":13}}
{"event_type":"order_sent","timestamp":"2026-05-19T17:50:23.9107447+05:30","order_sent":{"request_id":"180c7af9-7a5e-47aa-b321-5365db78dbf9","order_id":"","type":"LIMIT","symbol":"MSFT","side":"SELL","price":689.71,"quantity":82}}
{"event_type":"order_sent","timestamp":"2026-05-19T17:50:23.9107447+05:30","order_sent":{"request_id":"a98b3afa-5dde-4a90-8083-98e1c95af30a","order_id":"","type":"MARKET","symbol":"GOOG","side":"SELL","quantity":26}}
{"event_type":"order_sent","timestamp":"2026-05-19T17:50:23.9107447+05:30","order_sent":{"request_id":"bfdab4f5-ccbe-4b91-a634-f611bc8463b0","order_id":"","type":"LIMIT","symbol":"AAPL","side":"SELL","price":224.22,"quantity":6}}
{"event_type":"order_sent","timestamp":"2026-05-19T17:50:23.9107447+05:30","order_sent":{"request_id":"1781a8e2-ddd4-461a-86bf-8bf71355c87a","order_id":"","type":"MARKET","symbol":"TSLA","side":"SELL","quantity":1}}
{"event_type":"order_sent","timestamp":"2026-05-19T17:50:23.9107447+05:30","order_sent":{"request_id":"aee5aa73-c4e9-468e-9799-29e63a455153","order_id":"","type":"LIMIT","symbol":"AMZN","side":"BUY","price":242.73,"quantity":83}}
{"event_type":"order_sent","timestamp":"2026-05-19T17:50:23.9107447+05:30","order_sent":{"request_id":"a2386000-c1be-41da-9afd-4da2822af488","order_id":"","type":"LIMIT","symbol":"MSFT","side":"SELL","price":794.27,"quantity":72}}
{"event_type":"order_sent","timestamp":"2026-05-19T17:50:23.9107447+05:30","order_sent":{"request_id":"21654584-692c-428e-a45d-9962c4a9c3b5","order_id":"","type":"LIMIT","symbol":"TSLA","side":"SELL","price":436.25,"quantity":45}}
{"event_type":"order_sent","timestamp":"2026-05-19T17:50:23.9107447+05:30","order_sent":{"request_id":"b7849fa7-3c55-4107-a48a-f14b29691c30","order_id":"","type":"LIMIT","symbol":"AMZN","side":"SELL","price":870.85,"quantity":21}}
{"event_type":"order_sent","timestamp":"2026-05-19T17:50:23.9107447+05:30","order_sent":{"request_id":"5820269f-d70b-4eee-8ea2-1515a20bfaf8","order_id":"ord-7759257107938405244","type":"CANCEL","symbol":"","side":""}}
{"event_type":"order_sent","timestamp":"2026-05-19T17:50:23.9112716+05:30","order_sent":{"request_id":"de2b9b6e-1405-4849-a808-14b928683de3","order_id":"ord-2870070220215094669","type":"CANCEL","symbol":"","side":""}}
{"event_type":"order_sent","timestamp":"2026-05-19T17:50:23.9112716+05:30","order_sent":{"request_id":"cf54cb51-6ae6-4ede-b360-8d3b5f0f3cae","order_id":"","type":"MARKET","symbol":"GOOG","side":"SELL","quantity":38}}
{"event_type":"order_sent","timestamp":"2026-05-19T17:50:23.9112716+05:30","order_sent":{"request_id":"15e37678-d238-4d81-8531-bb2acfce880e","order_id":"","type":"LIMIT","symbol":"GOOG","side":"BUY","price":987.97,"quantity":31}}
{"event_type":"order_sent","timestamp":"2026-05-19T17:50:23.9112716+05:30","order_sent":{"request_id":"c488ca33-7e18-4fbb-bc6e-1a211d04e5d5","order_id":"ord-2843058654935819492","type":"CANCEL","symbol":"","side":""}}
{"event_type":"order_sent","timestamp":"2026-05-19T17:50:23.9112716+05:30","order_sent":{"request_id":"3bd0b521-32ef-485b-bcde-fbde903865e2","order_id":"","type":"MARKET","symbol":"AAPL","side":"SELL","quantity":45}}
{"event_type":"order_sent","timestamp":"2026-05-19T17:50:23.9112716+05:30","order_sent":{"request_id":"637395d4-00d8-462a-9b8f-06bfe180ebb7","order_id":"","type":"LIMIT","symbol":"TSLA","side":"BUY","price":178.81,"quantity":3}}
{"event_type":"order_sent","timestamp":"2026-05-19T17:50:23.9112716+05:30","order_sent":{"request_id":"d72b8ba1-10ea-42c7-8dda-d7ecd13496eb","order_id":"ord-2432831168393845524","type":"CANCEL","symbol":"","side":""}}
{"event_type":"order_sent","timestamp":"2026-05-19T17:50:23.9112716+05:30","order_sent":{"request_id":"fff27da1-bc19-4006-9eb8-c67e5da4f0bf","order_id":"ord-6419331445382558378","type":"CANCEL","symbol":"","side":""}}
{"event_type":"order_sent","timestamp":"2026-05-19T17:50:23.9118586+05:30","order_sent":{"request_id":"a69d995b-63e6-40ac-8c0c-3513f23d53ec","order_id":"ord-9139618843547830619","type":"CANCEL","symbol":"","side":""}}
{"event_type":"order_sent","timestamp":"2026-05-19T17:50:23.9112716+05:30","order_sent":{"request_id":"0adefe11-aa3a-4c76-b3ac-df46127cd898","order_id":"","type":"LIMIT","symbol":"AMZN","side":"SELL","price":191.36,"quantity":45}}
{"event_type":"order_sent","timestamp":"2026-05-19T17:50:23.9118586+05:30","order_sent":{"request_id":"d8195e2b-6322-4350-950d-3fb75d3891ca","order_id":"","type":"LIMIT","symbol":"GOOG","side":"BUY","price":849.94,"quantity":69}}
{"event_type":"order_sent","timestamp":"2026-05-19T17:50:23.9118586+05:30","order_sent":{"request_id":"feaa5aca-7e5a-447b-93a6-6941e533fabb","order_id":"","type":"LIMIT","symbol":"TSLA","side":"BUY","price":443.17,"quantity":21}}
{"event_type":"order_sent","timestamp":"2026-05-19T17:50:23.9118586+05:30","order_sent":{"request_id":"7f151f9a-d09d-4d7c-a20b-9b48d58a7803","order_id":"","type":"MARKET","symbol":"TSLA","side":"SELL","quantity":29}}
{"event_type":"order_sent","timestamp":"2026-05-19T17:50:23.9118586+05:30","order_sent":{"request_id":"528cb333-3b1f-49c7-afe2-7dbb2c6fad3c","order_id":"ord-792677858459604165","type":"CANCEL","symbol":"","side":""}}
{"event_type":"order_sent","timestamp":"2026-05-19T17:50:23.9118586+05:30","order_sent":{"request_id":"27be98e4-f286-4b0a-af97-bddca38e5bb4","order_id":"ord-590185831523712206","type":"CANCEL","symbol":"","side":""}}
{"event_type":"order_sent","timestamp":"2026-05-19T17:50:23.9118586+05:30","order_sent":{"request_id":"6667a9b2-51fe-476b-aba5-e039d0b7166a","order_id":"","type":"LIMIT","symbol":"AAPL","side":"SELL","price":380.29,"quantity":72}}
{"event_type":"order_sent","timestamp":"2026-05-19T17:50:23.9118586+05:30","order_sent":{"request_id":"bb63b2c9-6a83-492c-92da-378d0dab7fe9","order_id":"","type":"LIMIT","symbol":"AAPL","side":"BUY","price":960.08,"quantity":15}}
{"event_type":"order_sent","timestamp":"2026-05-19T17:50:23.9118586+05:30","order_sent":{"request_id":"69291aed-b9cd-4f2f-8e16-7d60053feb16","order_id":"","type":"LIMIT","symbol":"GOOG","side":"SELL","price":758.12,"quantity":19}}
{"event_type":"order_sent","timestamp":"2026-05-19T17:50:23.9118586+05:30","order_sent":{"request_id":"47b3f2f0-28ae-4dd2-8f60-0c8b3f0cb4db","order_id":"ord-5967908188769887584","type":"CANCEL","symbol":"","side":""}}
{"event_type":"order_sent","timestamp":"2026-05-19T17:50:23.9118586+05:30","order_sent":{"request_id":"fa94c3e8-7734-45c8-afe3-b77c9ec641c3","order_id":"","type":"LIMIT","symbol":"GOOG","side":"BUY","price":600.31,"quantity":26}}
{"event_type":"order_sent","timestamp":"2026-05-19T17:50:23.9118586+05:30","order_sent":{"request_id":"cc77dd84-6807-43cf-bf05-18152342f95e","order_id":"","type":"LIMIT","symbol":"AMZN","side":"SELL","price":185.49,"quantity":31}}
{"event_type":"order_sent","timestamp":"2026-05-19T17:50:23.9118586+05:30","order_sent":{"request_id":"67de88d1-9d93-45cd-9461-5df512075144","order_id":"","type":"MARKET","symbol":"GOOG","side":"SELL","quantity":18}}
{"event_type":"order_sent","timestamp":"2026-05-19T17:50:23.9118586+05:30","order_sent":{"request_id":"c6bf21b4-bad5-4a5e-817b-875053f19642","order_id":"","type":"LIMIT","symbol":"AMZN","side":"SELL","price":768.61,"quantity":3}}
{"event_type":"order_sent","timestamp":"2026-05-19T17:50:23.9118586+05:30","order_sent":{"request_id":"468ddb7f-008d-42f7-9513-a0e0796c6eb1","order_id":"","type":"LIMIT","symbol":"MSFT","side":"SELL","price":175.61,"quantity":34}}
{"event_type":"order_sent","timestamp":"2026-05-19T17:50:23.9118586+05:30","order_sent":{"request_id":"00d22dd5-c959-42ab-9332-49cfdef9397c","order_id":"","type":"LIMIT","symbol":"GOOG","side":"SELL","price":326.73,"quantity":44}}
{"event_type":"order_sent","timestamp":"2026-05-19T17:50:23.9112716+05:30","order_sent":{"request_id":"61d0342e-d44e-48dd-9696-bcedf3283f60","order_id":"","type":"LIMIT","symbol":"AAPL","side":"BUY","price":742.37,"quantity":13}}
{"event_type":"order_sent","timestamp":"2026-05-19T17:50:23.910183+05:30","order_sent":{"request_id":"26e42634-b43e-48da-b726-bea7edfc5c01","order_id":"","type":"LIMIT","symbol":"TSLA","side":"BUY","price":304.52,"quantity":26}}
{"event_type":"order_sent","timestamp":"2026-05-19T17:50:23.9107447+05:30","order_sent":{"request_id":"a1a25fa0-083d-4501-a248-83b5cc7b2d65","order_id":"","type":"LIMIT","symbol":"AMZN","side":"SELL","price":733.62,"quantity":67}}
{"event_type":"order_sent","timestamp":"2026-05-19T17:50:23.9107447+05:30","order_sent":{"request_id":"246375d8-144c-469a-a3e6-9856bde69c12","order_id":"","type":"LIMIT","symbol":"AMZN","side":"SELL","price":180.2,"quantity":79}}
{"event_type":"order_acked","timestamp":"2026-05-19T17:50:23.9220735+05:30","order_acked":{"request_id":"f7aa71cc-0152-4c53-a7d9-7b4e656ba8c0","status_code":201}}
{"event_type":"order_acked","timestamp":"2026-05-19T17:50:23.9268337+05:30","order_acked":{"request_id":"ff2b553e-b4cd-4ead-b59a-914db2fe93e5","status_code":201}}
{"event_type":"execution_report","timestamp":"2026-05-19T17:50:23.9377297+05:30","execution":{"order_id":"dce1dbcc-20d5-46d2-8b86-a3eb3fccfca4","symbol":"MSFT","side":"SELL","status":"filled","filled_qty":43,"leaves_qty":0,"price":314.97,"timestamp":"2026-05-19T12:20:23Z","match_id":"787eab90-7473-4e1e-9495-89987583128d"}}
{"event_type":"order_acked","timestamp":"2026-05-19T17:50:23.9396014+05:30","order_acked":{"request_id":"98ce7d47-683d-42fa-8c96-fcf7fa3a868b","status_code":201}}
{"event_type":"execution_report","timestamp":"2026-05-19T17:50:23.9401629+05:30","execution":{"order_id":"b0498344-5636-49b9-8533-474bfbc3b0ae","symbol":"GOOG","side":"SELL","status":"filled","filled_qty":1,"leaves_qty":0,"price":527.38,"timestamp":"2026-05-19T12:20:23Z","match_id":"7895cc06-5a55-4e24-9499-b51811c60c86"}}
{"event_type":"order_acked","timestamp":"2026-05-19T17:50:23.9406935+05:30","order_acked":{"request_id":"3c8b2902-ff29-4753-97bd-3fa0d4619939","status_code":201}}
{"event_type":"execution_report","timestamp":"2026-05-19T17:50:23.9412664+05:30","execution":{"order_id":"6a19f7e2-1ce0-4ba3-b57a-bdf42823484c","symbol":"GOOG","side":"SELL","status":"filled","filled_qty":37,"leaves_qty":0,"price":633.35,"timestamp":"2026-05-19T12:20:23Z","match_id":"894e0431-a75e-4759-a964-faab61c399be"}}
{"event_type":"order_acked","timestamp":"2026-05-19T17:50:23.9490912+05:30","order_acked":{"request_id":"a916f308-b648-4193-b019-edea15c7d133","status_code":201}}
{"event_type":"execution_report","timestamp":"2026-05-19T17:50:23.9571755+05:30","execution":{"order_id":"28ca9913-f89d-447a-8ab4-bfb31ade04e1","symbol":"GOOG","side":"SELL","status":"filled","filled_qty":89,"leaves_qty":0,"price":475.72,"timestamp":"2026-05-19T12:20:23Z","match_id":"2d48f3ad-836c-4c31-b24e-0c1d5d4fb5b1"}}
{"event_type":"order_acked","timestamp":"2026-05-19T17:50:23.9600689+05:30","order_acked":{"request_id":"b4a640d7-5b6f-4338-8dc8-ab0e4d2465c6","status_code":200}}
{"event_type":"order_acked","timestamp":"2026-05-19T17:50:23.9626944+05:30","order_acked":{"request_id":"c13f45a2-ebaf-4663-9213-a96b364f997d","status_code":201}}
{"event_type":"order_acked","timestamp":"2026-05-19T17:50:23.9642213+05:30","order_acked":{"request_id":"7ab0c7c5-0139-4789-ba68-d7999eaed29e","status_code":201}}
{"event_type":"execution_report","timestamp":"2026-05-19T17:50:23.9703626+05:30","execution":{"order_id":"59023926-c152-4500-b8fe-aa52ca274b0a","symbol":"GOOG","side":"BUY","status":"filled","filled_qty":47,"leaves_qty":0,"price":569.35,"timestamp":"2026-05-19T12:20:23Z","match_id":"3a9a89f2-7917-4f7f-bf9d-059fca2463ce"}}
{"event_type":"execution_report","timestamp":"2026-05-19T17:50:23.9736098+05:30","execution":{"order_id":"6d34ebdf-b452-4ead-af61-c8b819a806d1","symbol":"AAPL","side":"BUY","status":"filled","filled_qty":70,"leaves_qty":0,"price":273.06,"timestamp":"2026-05-19T12:20:23Z","match_id":"e133ba79-d131-4a9c-821e-3bd68ebfc63c"}}
{"event_type":"order_acked","timestamp":"2026-05-19T17:50:23.9758594+05:30","order_acked":{"request_id":"7c25b6fe-c18f-4d74-8170-fb130b378c36","status_code":201}}
{"event_type":"order_acked","timestamp":"2026-05-19T17:50:23.9758594+05:30","order_acked":{"request_id":"6884862b-1663-4ac7-8657-e29351460cf3","status_code":200}}
{"event_type":"order_acked","timestamp":"2026-05-19T17:50:23.9774907+05:30","order_acked":{"request_id":"0c9437a1-32eb-4f56-9e64-64b774949182","status_code":201}}
{"event_type":"order_acked","timestamp":"2026-05-19T17:50:23.9802173+05:30","order_acked":{"request_id":"c3320e91-0744-467c-b6c9-935e7cdf95d4","status_code":201}}
{"event_type":"order_acked","timestamp":"2026-05-19T17:50:23.9823918+05:30","order_acked":{"request_id":"fb17ad5f-4c6d-4fda-a9ad-6d476aedc21d","status_code":201}}
{"event_type":"order_acked","timestamp":"2026-05-19T17:50:23.9867516+05:30","order_acked":{"request_id":"9251386a-4e9a-45e8-999a-42724222eca4","status_code":200}}
{"event_type":"order_acked","timestamp":"2026-05-19T17:50:23.9889182+05:30","order_acked":{"request_id":"870848f6-a2df-4b0d-82f5-137db655c297","status_code":200}}
{"event_type":"execution_report","timestamp":"2026-05-19T17:50:23.9894769+05:30","execution":{"order_id":"a8cc7ecd-4841-492f-97a1-b58dc25a7ce7","symbol":"AMZN","side":"BUY","status":"filled","filled_qty":36,"leaves_qty":0,"price":258.45,"timestamp":"2026-05-19T12:20:23Z","match_id":"66d26601-9a4d-4a96-9f34-9b3ae9e44c8e"}}
{"event_type":"order_acked","timestamp":"2026-05-19T17:50:23.9927866+05:30","order_acked":{"request_id":"ae59b44c-6f9a-4ee5-aeb9-ecf8a9967c1c","status_code":201}}
{"event_type":"order_acked","timestamp":"2026-05-19T17:50:23.9944464+05:30","order_acked":{"request_id":"8c4a6edc-28e2-4a5c-a375-0b6b4caf61bd","status_code":201}}
{"event_type":"order_acked","timestamp":"2026-05-19T17:50:23.9987927+05:30","order_acked":{"request_id":"55d2928b-e0f8-4b66-94c7-cbebc48e1fc2","status_code":201}}
{"event_type":"execution_report","timestamp":"2026-05-19T17:50:24.004322+05:30","execution":{"order_id":"d35ed313-afb5-4dbc-9985-fc27ae09c821","symbol":"GOOG","side":"BUY","status":"filled","filled_qty":11,"leaves_qty":0,"price":223.8,"timestamp":"2026-05-19T12:20:24Z","match_id":"abf9325a-f5e9-45ea-9fd1-bb9a0ea1665d"}}
{"event_type":"order_acked","timestamp":"2026-05-19T17:50:24.005436+05:30","order_acked":{"request_id":"9ad14f8a-de47-49de-8fd0-992d1d450b39","status_code":201}}
{"event_type":"execution_report","timestamp":"2026-05-19T17:50:24.005964+05:30","execution":{"order_id":"81d73202-130a-480f-b957-44fd9c369336","symbol":"MSFT","side":"SELL","status":"filled","filled_qty":69,"leaves_qty":0,"price":205.13,"timestamp":"2026-05-19T12:20:24Z","match_id":"4ad61974-c452-4750-b19c-d40b07110094"}}
{"event_type":"order_acked","timestamp":"2026-05-19T17:50:24.0082384+05:30","order_acked":{"request_id":"f98320e9-7ea4-4a44-a861-458beeb1f29b","status_code":201}}
{"event_type":"order_acked","timestamp":"2026-05-19T17:50:24.0110479+05:30","order_acked":{"request_id":"f127d598-82cc-4910-8e16-515bd614f7bb","status_code":201}}
{"event_type":"order_acked","timestamp":"2026-05-19T17:50:24.0121017+05:30","order_acked":{"request_id":"5e1b8459-e746-4054-9fee-d97194d4ec0a","status_code":201}}
{"event_type":"execution_report","timestamp":"2026-05-19T17:50:24.0131923+05:30","execution":{"order_id":"aa1fc300-0a2d-43ff-9ba6-34f12b1d449d","symbol":"GOOG","side":"BUY","status":"filled","filled_qty":69,"leaves_qty":0,"price":373.29,"timestamp":"2026-05-19T12:20:24Z","match_id":"3f0da11e-e998-4b15-bc0a-72685d8034b3"}}
{"event_type":"order_acked","timestamp":"2026-05-19T17:50:24.0160418+05:30","order_acked":{"request_id":"1900b2ad-1584-4f8a-b1b4-92173078a05a","status_code":201}}
{"event_type":"execution_report","timestamp":"2026-05-19T17:50:24.0165742+05:30","execution":{"order_id":"67ca3768-151e-4e6a-a04e-e09ac1c7d443","symbol":"AAPL","side":"SELL","status":"filled","filled_qty":54,"leaves_qty":0,"price":870.89,"timestamp":"2026-05-19T12:20:24Z","match_id":"2097b7da-232d-4adb-9334-2485d43f011e"}}
{"event_type":"execution_report","timestamp":"2026-05-19T17:50:24.0171049+05:30","execution":{"order_id":"225ccdf2-5a47-482c-b043-9cbfee373c2d","symbol":"AAPL","side":"BUY","status":"filled","filled_qty":15,"leaves_qty":0,"price":582.8,"timestamp":"2026-05-19T12:20:24Z","match_id":"2cb9e140-8c10-4729-a17b-b867b1e5ad53"}}
{"event_type":"order_acked","timestamp":"2026-05-19T17:50:24.0192686+05:30","order_acked":{"request_id":"5af4b0fd-d124-450a-8fd7-8e2d3e908f5e","status_code":200}}
{"event_type":"execution_report","timestamp":"2026-05-19T17:50:24.0208924+05:30","execution":{"order_id":"4f014003-3da6-447f-bb2d-1c9e73fad7f9","symbol":"TSLA","side":"SELL","status":"filled","filled_qty":66,"leaves_qty":0,"price":623.21,"timestamp":"2026-05-19T12:20:24Z","match_id":"7c186c59-382e-4c5d-964a-ae685ea0966a"}}
{"event_type":"order_acked","timestamp":"2026-05-19T17:50:24.0236272+05:30","order_acked":{"request_id":"66cc3367-3068-435e-89a0-bd36b3370a1f","status_code":201}}
{"event_type":"order_acked","timestamp":"2026-05-19T17:50:24.0252444+05:30","order_acked":{"request_id":"db510b2e-4450-49b4-b9bd-25f5d1570875","status_code":201}}
{"event_type":"order_acked","timestamp":"2026-05-19T17:50:24.0268855+05:30","order_acked":{"request_id":"c7d2049a-a169-4c66-897a-32c14e0e7d30","status_code":200}}
{"event_type":"execution_report","timestamp":"2026-05-19T17:50:24.0287493+05:30","execution":{"order_id":"b34ec7f7-5068-4e47-b936-f78f2603893c","symbol":"TSLA","side":"SELL","status":"filled","filled_qty":63,"leaves_qty":0,"price":617.87,"timestamp":"2026-05-19T12:20:24Z","match_id":"4aabe4f6-a9a5-44aa-8536-afb32e0850b1"}}
{"event_type":"order_acked","timestamp":"2026-05-19T17:50:24.0298024+05:30","order_acked":{"request_id":"426a2a76-e7f2-4da8-9c42-5734d424df77","status_code":201}}
{"event_type":"order_acked","timestamp":"2026-05-19T17:50:24.0326506+05:30","order_acked":{"request_id":"13357821-1ec3-4fce-86eb-21ed130ce741","status_code":201}}
{"event_type":"execution_report","timestamp":"2026-05-19T17:50:24.0375127+05:30","execution":{"order_id":"63cce16e-2731-46c2-a8c9-49ae5c65e95e","symbol":"GOOG","side":"SELL","status":"filled","filled_qty":90,"leaves_qty":0,"price":289.28,"timestamp":"2026-05-19T12:20:24Z","match_id":"dbb71bd6-10ec-4719-a62e-64767ca77e57"}}
{"event_type":"order_acked","timestamp":"2026-05-19T17:50:24.038601+05:30","order_acked":{"request_id":"0e8de31a-4a46-4036-b629-a6196cc62945","status_code":201}}
{"event_type":"order_acked","timestamp":"2026-05-19T17:50:24.040772+05:30","order_acked":{"request_id":"9d8f972d-5c02-4946-a7be-b7350b61b8de","status_code":200}}
{"event_type":"order_acked","timestamp":"2026-05-19T17:50:24.0424159+05:30","order_acked":{"request_id":"177717f6-181d-4f28-83e1-efb9da5fab58","status_code":201}}
{"event_type":"order_acked","timestamp":"2026-05-19T17:50:24.0449771+05:30","order_acked":{"request_id":"f1eb7f9c-ed84-47a3-aee2-a8afbd7aead2","status_code":201}}
{"event_type":"order_acked","timestamp":"2026-05-19T17:50:24.048862+05:30","order_acked":{"request_id":"fc917155-1c17-4cfc-9a6b-6739dbe9ba9d","status_code":201}}
{"event_type":"execution_report","timestamp":"2026-05-19T17:50:24.0494063+05:30","execution":{"order_id":"9489aff1-60ee-46a3-8c81-e537c142054d","symbol":"GOOG","side":"SELL","status":"filled","filled_qty":63,"leaves_qty":0,"price":505.63,"timestamp":"2026-05-19T12:20:24Z","match_id":"b21bb5a1-91b1-465b-bd8b-36dd51ed9d91"}}
{"event_type":"order_acked","timestamp":"2026-05-19T17:50:24.0510386+05:30","order_acked":{"request_id":"cf0bf99b-2614-4ced-9692-4cc4aeae0004","status_code":200}}
{"event_type":"order_acked","timestamp":"2026-05-19T17:50:24.053903+05:30","order_acked":{"request_id":"96947990-212e-4752-89b2-41826e9104f2","status_code":201}}
{"event_type":"order_acked","timestamp":"2026-05-19T17:50:24.0576855+05:30","order_acked":{"request_id":"072a34f9-80b6-47f3-9ec5-dd533e1f7d6a","status_code":201}}
{"event_type":"execution_report","timestamp":"2026-05-19T17:50:24.0609966+05:30","execution":{"order_id":"e611510e-a32c-4c22-b587-6d3df6a31be3","symbol":"MSFT","side":"SELL","status":"filled","filled_qty":94,"leaves_qty":0,"price":103.79,"timestamp":"2026-05-19T12:20:24Z","match_id":"8c790c06-4588-4c74-af2e-40d684532bc7"}}
{"event_type":"order_acked","timestamp":"2026-05-19T17:50:24.0620897+05:30","order_acked":{"request_id":"3ed7b7c6-9434-498b-b685-85e414f44055","status_code":201}}
{"event_type":"order_acked","timestamp":"2026-05-19T17:50:24.0637505+05:30","order_acked":{"request_id":"3732c3a4-5b47-4b83-9fb4-2ba0ee19c7f3","status_code":201}}
{"event_type":"order_acked","timestamp":"2026-05-19T17:50:24.064842+05:30","order_acked":{"request_id":"bb65ae9d-6195-4751-829d-aa854a046b4f","status_code":201}}
{"event_type":"order_acked","timestamp":"2026-05-19T17:50:24.0670158+05:30","order_acked":{"request_id":"cc52c3a8-682b-4846-a0d8-b12e95ea0e3f","status_code":200}}
{"event_type":"execution_report","timestamp":"2026-05-19T17:50:24.0703135+05:30","execution":{"order_id":"e424bd85-ccaf-41b7-8746-144dbbeeceec","symbol":"MSFT","side":"SELL","status":"filled","filled_qty":88,"leaves_qty":0,"price":113.53,"timestamp":"2026-05-19T12:20:24Z","match_id":"e2e4b31c-5778-4bfd-8558-bddc64960fe8"}}
{"event_type":"execution_report","timestamp":"2026-05-19T17:50:24.0730766+05:30","execution":{"order_id":"d83ac3e1-74a5-464a-893b-ed89827c8c25","symbol":"AAPL","side":"BUY","status":"filled","filled_qty":97,"leaves_qty":0,"price":411.6,"timestamp":"2026-05-19T12:20:24Z","match_id":"90367bce-089c-438c-956e-8232524692b4"}}
{"event_type":"order_acked","timestamp":"2026-05-19T17:50:24.076942+05:30","order_acked":{"request_id":"99160155-d505-4469-9eec-114411a401ee","status_code":200}}
{"event_type":"order_acked","timestamp":"2026-05-19T17:50:24.0780695+05:30","order_acked":{"request_id":"9216d5e8-b8c7-4b77-a402-fe5d62f0b9b3","status_code":200}}
{"event_type":"order_acked","timestamp":"2026-05-19T17:50:24.0791277+05:30","order_acked":{"request_id":"6eae7053-ca24-4614-ba0e-f531cbba8040","status_code":201}}
{"event_type":"order_acked","timestamp":"2026-05-19T17:50:24.0807764+05:30","order_acked":{"request_id":"bb5645aa-c4f3-43ba-92b6-5a20ab8b9054","status_code":201}}
{"event_type":"order_acked","timestamp":"2026-05-19T17:50:24.0868571+05:30","order_acked":{"request_id":"813ff951-ec2e-44c0-80ac-14ca08b88dfd","status_code":201}}
{"event_type":"order_acked","timestamp":"2026-05-19T17:50:24.0886294+05:30","order_acked":{"request_id":"44758b83-30f9-458a-a2d2-41f7fffb28ed","status_code":201}}
{"event_type":"order_acked","timestamp":"2026-05-19T17:50:24.0902817+05:30","order_acked":{"request_id":"cf923660-54e4-4c0f-a790-105676698dd5","status_code":201}}
{"event_type":"order_acked","timestamp":"2026-05-19T17:50:24.0936264+05:30","order_acked":{"request_id":"d0ba9668-e51e-476e-b192-ededbe46df43","status_code":201}}
{"event_type":"execution_report","timestamp":"2026-05-19T17:50:24.0947034+05:30","execution":{"order_id":"b38dd67b-bb23-4a1e-a8cc-1e25c10be12b","symbol":"MSFT","side":"SELL","status":"filled","filled_qty":55,"leaves_qty":0,"price":618.41,"timestamp":"2026-05-19T12:20:24Z","match_id":"8c24fd48-eba0-474f-9842-8a066797f705"}}
{"event_type":"order_acked","timestamp":"2026-05-19T17:50:24.1001048+05:30","order_acked":{"request_id":"15e37678-d238-4d81-8531-bb2acfce880e","status_code":201}}
{"event_type":"order_acked","timestamp":"2026-05-19T17:50:24.1017186+05:30","order_acked":{"request_id":"246375d8-144c-469a-a3e6-9856bde69c12","status_code":201}}
{"event_type":"order_acked","timestamp":"2026-05-19T17:50:24.1046203+05:30","order_acked":{"request_id":"6667a9b2-51fe-476b-aba5-e039d0b7166a","status_code":201}}
{"event_type":"execution_report","timestamp":"2026-05-19T17:50:24.1079127+05:30","execution":{"order_id":"baec56cf-8b39-4c17-9feb-7bc62b837540","symbol":"GOOG","side":"BUY","status":"filled","filled_qty":31,"leaves_qty":0,"price":987.97,"timestamp":"2026-05-19T12:20:24Z","match_id":"cd76dfc4-23c7-4239-92a1-4dc15865cfc3"}}
{"event_type":"execution_report","timestamp":"2026-05-19T17:50:24.1100739+05:30","execution":{"order_id":"3949052b-d226-432b-b6d9-08043e746485","symbol":"AMZN","side":"SELL","status":"filled","filled_qty":79,"leaves_qty":0,"price":180.2,"timestamp":"2026-05-19T12:20:24Z","match_id":"826f9490-a98b-4710-a292-bf64d459bf33"}}
{"event_type":"order_acked","timestamp":"2026-05-19T17:50:24.1106493+05:30","order_acked":{"request_id":"0adefe11-aa3a-4c76-b3ac-df46127cd898","status_code":201}}
{"event_type":"execution_report","timestamp":"2026-05-19T17:50:24.1123094+05:30","execution":{"order_id":"65db9814-19d5-476c-a9c1-b1801e5ec0c9","symbol":"AAPL","side":"SELL","status":"filled","filled_qty":72,"leaves_qty":0,"price":380.29,"timestamp":"2026-05-19T12:20:24Z","match_id":"55fbe1d4-7816-4556-a37c-7ca4b60468c8"}}
{"event_type":"order_acked","timestamp":"2026-05-19T17:50:24.1139604+05:30","order_acked":{"request_id":"bb63b2c9-6a83-492c-92da-378d0dab7fe9","status_code":201}}
{"event_type":"order_acked","timestamp":"2026-05-19T17:50:24.1150766+05:30","order_acked":{"request_id":"69291aed-b9cd-4f2f-8e16-7d60053feb16","status_code":201}}
{"event_type":"order_acked","timestamp":"2026-05-19T17:50:24.1172179+05:30","order_acked":{"request_id":"df64aeeb-65c6-4449-a653-7cec77c7e2fa","status_code":201}}
{"event_type":"execution_report","timestamp":"2026-05-19T17:50:24.1177772+05:30","execution":{"order_id":"e088b922-54fb-4dba-accc-edc4df6d919b","symbol":"AMZN","side":"SELL","status":"filled","filled_qty":45,"leaves_qty":0,"price":191.36,"timestamp":"2026-05-19T12:20:24Z","match_id":"f388af31-5035-448c-b45e-2ebc4206373f"}}
{"event_type":"execution_report","timestamp":"2026-05-19T17:50:24.119955+05:30","execution":{"order_id":"ed4ede11-2a06-41b3-a39f-cf55197e5684","symbol":"AAPL","side":"BUY","status":"filled","filled_qty":15,"leaves_qty":0,"price":960.08,"timestamp":"2026-05-19T12:20:24Z","match_id":"e47f12dc-452f-40b9-b827-11208aa451e5"}}
{"event_type":"execution_report","timestamp":"2026-05-19T17:50:24.1210166+05:30","execution":{"order_id":"debd8911-fbba-4f14-843c-58fa25054c72","symbol":"GOOG","side":"SELL","status":"filled","filled_qty":19,"leaves_qty":0,"price":758.12,"timestamp":"2026-05-19T12:20:24Z","match_id":"264de0fe-e033-4b4b-8c9c-e23b3468204c"}}
{"event_type":"execution_report","timestamp":"2026-05-19T17:50:24.1238184+05:30","execution":{"order_id":"cdeeeecb-d99a-4699-937e-bf7a184c1435","symbol":"AMZN","side":"BUY","status":"filled","filled_qty":32,"leaves_qty":0,"price":442.74,"timestamp":"2026-05-19T12:20:24Z","match_id":"3d3e0df3-4a3f-4203-a715-73ecebd5b32e"}}
{"event_type":"order_acked","timestamp":"2026-05-19T17:50:24.1253978+05:30","order_acked":{"request_id":"d8195e2b-6322-4350-950d-3fb75d3891ca","status_code":201}}
{"event_type":"order_acked","timestamp":"2026-05-19T17:50:24.1264952+05:30","order_acked":{"request_id":"117c9144-0d28-423d-ae90-bc1010d40ec5","status_code":201}}
{"event_type":"order_acked","timestamp":"2026-05-19T17:50:24.1291578+05:30","order_acked":{"request_id":"637395d4-00d8-462a-9b8f-06bfe180ebb7","status_code":201}}
{"event_type":"order_acked","timestamp":"2026-05-19T17:50:24.1302264+05:30","order_acked":{"request_id":"91f47035-0859-49f6-a4da-1015b8b5217a","status_code":201}}
{"event_type":"execution_report","timestamp":"2026-05-19T17:50:24.1313067+05:30","execution":{"order_id":"0116ee15-fe42-4ec7-b4e3-4ce0053225ea","symbol":"GOOG","side":"BUY","status":"filled","filled_qty":69,"leaves_qty":0,"price":849.94,"timestamp":"2026-05-19T12:20:24Z","match_id":"19dbb303-f7ee-469d-8948-44b6e9faf143"}}
{"event_type":"order_acked","timestamp":"2026-05-19T17:50:24.1334625+05:30","order_acked":{"request_id":"c488ca33-7e18-4fbb-bc6e-1a211d04e5d5","status_code":200}}
{"event_type":"execution_report","timestamp":"2026-05-19T17:50:24.1373423+05:30","execution":{"order_id":"8e3fdf0e-905c-4b15-884a-3dc1af52d7dc","symbol":"TSLA","side":"BUY","status":"filled","filled_qty":13,"leaves_qty":0,"price":276.77,"timestamp":"2026-05-19T12:20:24Z","match_id":"a3b9bfff-d310-4042-aa36-991b8d4e21ff"}}
{"event_type":"execution_report","timestamp":"2026-05-19T17:50:24.1378805+05:30","execution":{"order_id":"895b3dbb-d2b4-42b2-a177-7ed80d8b5e09","symbol":"TSLA","side":"BUY","status":"filled","filled_qty":28,"leaves_qty":0,"price":844.55,"timestamp":"2026-05-19T12:20:24Z","match_id":"ce5775ce-f667-4442-a28e-a448f4be8c87"}}
{"event_type":"execution_report","timestamp":"2026-05-19T17:50:24.1384236+05:30","execution":{"order_id":"9f80c9c8-2044-4dbf-9265-61b29ea19094","symbol":"TSLA","side":"BUY","status":"filled","filled_qty":3,"leaves_qty":0,"price":178.81,"timestamp":"2026-05-19T12:20:24Z","match_id":"b706aa8b-a830-4d53-b1b5-ca8481d8b7fd"}}
{"event_type":"order_acked","timestamp":"2026-05-19T17:50:24.1405937+05:30","order_acked":{"request_id":"d72b8ba1-10ea-42c7-8dda-d7ecd13496eb","status_code":200}}
{"event_type":"order_acked","timestamp":"2026-05-19T17:50:24.1416651+05:30","order_acked":{"request_id":"aee5aa73-c4e9-468e-9799-29e63a455153","status_code":201}}
{"event_type":"execution_report","timestamp":"2026-05-19T17:50:24.1476913+05:30","execution":{"order_id":"105c82fc-2526-485e-ba84-4becfc0dfc96","symbol":"AMZN","side":"BUY","status":"filled","filled_qty":83,"leaves_qty":0,"price":242.73,"timestamp":"2026-05-19T12:20:24Z","match_id":"e12c3696-3060-426f-815e-1e4d39b12ef4"}}
{"event_type":"order_acked","timestamp":"2026-05-19T17:50:24.1482283+05:30","order_acked":{"request_id":"bfdab4f5-ccbe-4b91-a634-f611bc8463b0","status_code":201}}
{"event_type":"order_acked","timestamp":"2026-05-19T17:50:24.1509712+05:30","order_acked":{"request_id":"a2386000-c1be-41da-9afd-4da2822af488","status_code":201}}
{"event_type":"order_acked","timestamp":"2026-05-19T17:50:24.1543451+05:30","order_acked":{"request_id":"468ddb7f-008d-42f7-9513-a0e0796c6eb1","status_code":201}}
{"event_type":"order_acked","timestamp":"2026-05-19T17:50:24.1559856+05:30","order_acked":{"request_id":"fa94c3e8-7734-45c8-afe3-b77c9ec641c3","status_code":201}}
{"event_type":"execution_report","timestamp":"2026-05-19T17:50:24.157103+05:30","execution":{"order_id":"49e74e46-ad91-475f-b5e5-715f5a992971","symbol":"MSFT","side":"SELL","status":"filled","filled_qty":72,"leaves_qty":0,"price":794.27,"timestamp":"2026-05-19T12:20:24Z","match_id":"69bdd2e1-efe9-46c3-8807-7a9fc484dca5"}}
{"event_type":"execution_report","timestamp":"2026-05-19T17:50:24.1581899+05:30","execution":{"order_id":"89bca8f9-9c8f-43b6-af7e-5c09e1006790","symbol":"AAPL","side":"SELL","status":"filled","filled_qty":6,"leaves_qty":0,"price":224.22,"timestamp":"2026-05-19T12:20:24Z","match_id":"2ed1049e-f3fc-488a-a22e-db8058c3e709"}}
{"event_type":"execution_report","timestamp":"2026-05-19T17:50:24.1603612+05:30","execution":{"order_id":"4e99e37f-bc91-40bd-8f74-0beb934e83f6","symbol":"GOOG","side":"BUY","status":"filled","filled_qty":26,"leaves_qty":0,"price":600.31,"timestamp":"2026-05-19T12:20:24Z","match_id":"ce3dec79-4121-4025-829c-3f89759866f8"}}
{"event_type":"execution_report","timestamp":"2026-05-19T17:50:24.1614246+05:30","execution":{"order_id":"4a5dcc97-7113-4217-8350-8a37e0725473","symbol":"MSFT","side":"SELL","status":"filled","filled_qty":34,"leaves_qty":0,"price":175.61,"timestamp":"2026-05-19T12:20:24Z","match_id":"02cd0a4e-252d-4456-8ad5-d90e17004b3d"}}
{"event_type":"order_acked","timestamp":"2026-05-19T17:50:24.1647359+05:30","order_acked":{"request_id":"f027123d-f305-4a80-9941-60e1fef581d0","status_code":201}}
{"event_type":"order_acked","timestamp":"2026-05-19T17:50:24.1658344+05:30","order_acked":{"request_id":"7f151f9a-d09d-4d7c-a20b-9b48d58a7803","status_code":201}}
{"event_type":"order_acked","timestamp":"2026-05-19T17:50:24.1663521+05:30","order_acked":{"request_id":"a69d995b-63e6-40ac-8c0c-3513f23d53ec","status_code":200}}
{"event_type":"order_acked","timestamp":"2026-05-19T17:50:24.1663521+05:30","order_acked":{"request_id":"b39e5f8a-d103-45c7-869f-498b9733a955","status_code":201}}
{"event_type":"execution_report","timestamp":"2026-05-19T17:50:24.1674762+05:30","execution":{"order_id":"a5acca7b-d022-478f-9599-17e5bc9a4522","symbol":"TSLA","side":"SELL","status":"filled","filled_qty":17,"leaves_qty":0,"price":499.9,"timestamp":"2026-05-19T12:20:24Z","match_id":"0dbd4afd-7329-483f-9df8-99ac32962723"}}
{"event_type":"order_acked","timestamp":"2026-05-19T17:50:24.169206+05:30","order_acked":{"request_id":"67de88d1-9d93-45cd-9461-5df512075144","status_code":201}}
{"event_type":"order_acked","timestamp":"2026-05-19T17:50:24.1708297+05:30","order_acked":{"request_id":"5820269f-d70b-4eee-8ea2-1515a20bfaf8","status_code":200}}
{"event_type":"execution_report","timestamp":"2026-05-19T17:50:24.1719148+05:30","execution":{"order_id":"4589dd3e-6005-4d30-a23a-83d06a73e783","symbol":"AMZN","side":"BUY","status":"filled","filled_qty":73,"leaves_qty":0,"price":217.29,"timestamp":"2026-05-19T12:20:24Z","match_id":"167dc279-579b-43c3-bbbc-c24a172faf86"}}
{"event_type":"order_acked","timestamp":"2026-05-19T17:50:24.1729951+05:30","order_acked":{"request_id":"cf54cb51-6ae6-4ede-b360-8d3b5f0f3cae","status_code":201}}
{"event_type":"order_acked","timestamp":"2026-05-19T17:50:24.1762165+05:30","order_acked":{"request_id":"8001cf45-f5ec-4c02-a369-584832533143","status_code":201}}
{"event_type":"order_acked","timestamp":"2026-05-19T17:50:24.1810105+05:30","order_acked":{"request_id":"beda3a60-9f42-49ec-a1dd-3c7643c46ad8","status_code":201}}
{"event_type":"execution_report","timestamp":"2026-05-19T17:50:24.1815441+05:30","execution":{"order_id":"74a9b1d1-35b6-43dc-94c9-c9dc49c1842f","symbol":"GOOG","side":"SELL","status":"filled","filled_qty":73,"leaves_qty":0,"price":859.62,"timestamp":"2026-05-19T12:20:24Z","match_id":"ce1afb70-80b2-4df7-8b9d-bbddbb29d092"}}
{"event_type":"order_acked","timestamp":"2026-05-19T17:50:24.1841185+05:30","order_acked":{"request_id":"26e42634-b43e-48da-b726-bea7edfc5c01","status_code":201}}
{"event_type":"order_acked","timestamp":"2026-05-19T17:50:24.1874157+05:30","order_acked":{"request_id":"de2b9b6e-1405-4849-a808-14b928683de3","status_code":200}}
{"event_type":"order_acked","timestamp":"2026-05-19T17:50:24.1879506+05:30","order_acked":{"request_id":"feaa5aca-7e5a-447b-93a6-6941e533fabb","status_code":201}}
{"event_type":"execution_report","timestamp":"2026-05-19T17:50:24.1884949+05:30","execution":{"order_id":"3e3e79a8-3d61-4155-8611-d8a07cff9670","symbol":"TSLA","side":"BUY","status":"filled","filled_qty":77,"leaves_qty":0,"price":719.88,"timestamp":"2026-05-19T12:20:24Z","match_id":"6d30f90d-1f06-4bfc-8722-ca0e2db888f6"}}
{"event_type":"order_acked","timestamp":"2026-05-19T17:50:24.1901452+05:30","order_acked":{"request_id":"02828094-32d5-435b-95e4-95d47a5e8309","status_code":201}}
{"event_type":"execution_report","timestamp":"2026-05-19T17:50:24.19123+05:30","execution":{"order_id":"c5937e38-f7d0-485e-82ee-5c983a538825","symbol":"TSLA","side":"BUY","status":"filled","filled_qty":26,"leaves_qty":0,"price":304.52,"timestamp":"2026-05-19T12:20:24Z","match_id":"9cd0dcb4-6437-470a-8d4d-ba713f653cc2"}}
{"event_type":"execution_report","timestamp":"2026-05-19T17:50:24.1923086+05:30","execution":{"order_id":"ebb41508-3493-4cbf-9539-c1f1c57d5b46","symbol":"TSLA","side":"BUY","status":"filled","filled_qty":21,"leaves_qty":0,"price":443.17,"timestamp":"2026-05-19T12:20:24Z","match_id":"da2643b8-353d-4f49-ba37-e71aa2c76052"}}
{"event_type":"execution_report","timestamp":"2026-05-19T17:50:24.1956056+05:30","execution":{"order_id":"fa1a68b1-4da1-4522-9966-acc9dbd391a9","symbol":"TSLA","side":"BUY","status":"filled","filled_qty":7,"leaves_qty":0,"price":938.36,"timestamp":"2026-05-19T12:20:24Z","match_id":"8297d5ed-cea4-4f6a-9c4c-4df63261a8d0"}}
{"event_type":"order_acked","timestamp":"2026-05-19T17:50:24.1966765+05:30","order_acked":{"request_id":"0767b5d9-7ff0-4c24-99f1-6da6c4e0b819","status_code":201}}
{"event_type":"order_acked","timestamp":"2026-05-19T17:50:24.1983731+05:30","order_acked":{"request_id":"a98b3afa-5dde-4a90-8083-98e1c95af30a","status_code":201}}
{"event_type":"order_acked","timestamp":"2026-05-19T17:50:24.1989142+05:30","order_acked":{"request_id":"180c7af9-7a5e-47aa-b321-5365db78dbf9","status_code":201}}
{"event_type":"order_acked","timestamp":"2026-05-19T17:50:24.2000193+05:30","order_acked":{"request_id":"a1a25fa0-083d-4501-a248-83b5cc7b2d65","status_code":201}}
{"event_type":"execution_report","timestamp":"2026-05-19T17:50:24.2054519+05:30","execution":{"order_id":"c1add18f-3eee-4ee6-80ae-77deedfa7a6c","symbol":"TSLA","side":"SELL","status":"filled","filled_qty":26,"leaves_qty":0,"price":157.77,"timestamp":"2026-05-19T12:20:24Z","match_id":"9850cdd4-644f-434d-bfa8-30d0918d64a3"}}
{"event_type":"execution_report","timestamp":"2026-05-19T17:50:24.207043+05:30","execution":{"order_id":"0abcb790-841e-44af-af18-aa4d66dd2fb5","symbol":"MSFT","side":"SELL","status":"filled","filled_qty":82,"leaves_qty":0,"price":689.71,"timestamp":"2026-05-19T12:20:24Z","match_id":"b83b1ff6-527c-4825-8022-0397eac3f1db"}}
{"event_type":"execution_report","timestamp":"2026-05-19T17:50:24.2080977+05:30","execution":{"order_id":"b385cd50-ed9c-496e-8ab8-d2a5b2e83c22","symbol":"AMZN","side":"SELL","status":"filled","filled_qty":67,"leaves_qty":0,"price":733.62,"timestamp":"2026-05-19T12:20:24Z","match_id":"e5d03c69-6604-491c-b1c9-9f0a3ae58f0c"}}
{"event_type":"order_acked","timestamp":"2026-05-19T17:50:24.2091875+05:30","order_acked":{"request_id":"528cb333-3b1f-49c7-afe2-7dbb2c6fad3c","status_code":200}}
{"event_type":"order_acked","timestamp":"2026-05-19T17:50:24.2102798+05:30","order_acked":{"request_id":"c6bf21b4-bad5-4a5e-817b-875053f19642","status_code":201}}
{"event_type":"order_acked","timestamp":"2026-05-19T17:50:24.2113578+05:30","order_acked":{"request_id":"61d0342e-d44e-48dd-9696-bcedf3283f60","status_code":201}}
{"event_type":"order_acked","timestamp":"2026-05-19T17:50:24.2129929+05:30","order_acked":{"request_id":"b7849fa7-3c55-4107-a48a-f14b29691c30","status_code":201}}
{"event_type":"order_acked","timestamp":"2026-05-19T17:50:24.215213+05:30","order_acked":{"request_id":"27be98e4-f286-4b0a-af97-bddca38e5bb4","status_code":200}}
{"event_type":"execution_report","timestamp":"2026-05-19T17:50:24.2173894+05:30","execution":{"order_id":"1dcc6557-609e-4486-8da3-d1f3762f4493","symbol":"AMZN","side":"SELL","status":"filled","filled_qty":3,"leaves_qty":0,"price":768.61,"timestamp":"2026-05-19T12:20:24Z","match_id":"1a989d2d-3a84-43de-9a7b-71706a287bba"}}
{"event_type":"execution_report","timestamp":"2026-05-19T17:50:24.2179228+05:30","execution":{"order_id":"eca288fd-baf5-4648-802f-c0bc11b54641","symbol":"AAPL","side":"BUY","status":"filled","filled_qty":13,"leaves_qty":0,"price":742.37,"timestamp":"2026-05-19T12:20:24Z","match_id":"3c4377e8-8e1e-4db8-beaf-8d8331b71849"}}
{"event_type":"execution_report","timestamp":"2026-05-19T17:50:24.2184701+05:30","execution":{"order_id":"e7cfcc35-ec20-405e-a215-76da48553dfd","symbol":"AMZN","side":"SELL","status":"filled","filled_qty":21,"leaves_qty":0,"price":870.85,"timestamp":"2026-05-19T12:20:24Z","match_id":"dd9f999f-00a4-4fd2-bb97-d359644d4189"}}
{"event_type":"order_acked","timestamp":"2026-05-19T17:50:24.2195388+05:30","order_acked":{"request_id":"47b3f2f0-28ae-4dd2-8f60-0c8b3f0cb4db","status_code":200}}
{"event_type":"order_acked","timestamp":"2026-05-19T17:50:24.2211442+05:30","order_acked":{"request_id":"00d22dd5-c959-42ab-9332-49cfdef9397c","status_code":201}}
{"event_type":"order_acked","timestamp":"2026-05-19T17:50:24.2238591+05:30","order_acked":{"request_id":"3bd0b521-32ef-485b-bcde-fbde903865e2","status_code":201}}
{"event_type":"execution_report","timestamp":"2026-05-19T17:50:24.2243831+05:30","execution":{"order_id":"cf0c8aa0-522d-4cc2-a8d1-2915f16de2b3","symbol":"GOOG","side":"SELL","status":"filled","filled_qty":44,"leaves_qty":0,"price":326.73,"timestamp":"2026-05-19T12:20:24Z","match_id":"7891cfe0-5a1b-43bf-9ee9-65ed7932c5d2"}}
{"event_type":"order_acked","timestamp":"2026-05-19T17:50:24.2282569+05:30","order_acked":{"request_id":"2999bd7a-7e4a-49de-b390-fa409111102f","status_code":201}}
{"event_type":"order_acked","timestamp":"2026-05-19T17:50:24.2299544+05:30","order_acked":{"request_id":"1781a8e2-ddd4-461a-86bf-8bf71355c87a","status_code":201}}
{"event_type":"order_acked","timestamp":"2026-05-19T17:50:24.2310573+05:30","order_acked":{"request_id":"cc77dd84-6807-43cf-bf05-18152342f95e","status_code":201}}
{"event_type":"order_acked","timestamp":"2026-05-19T17:50:24.2337285+05:30","order_acked":{"request_id":"fff27da1-bc19-4006-9eb8-c67e5da4f0bf","status_code":200}}
{"event_type":"order_acked","timestamp":"2026-05-19T17:50:24.2375909+05:30","order_acked":{"request_id":"e7589a70-7cf4-4f7b-bbde-b3bb5648ad73","status_code":201}}
{"event_type":"execution_report","timestamp":"2026-05-19T17:50:24.2392032+05:30","execution":{"order_id":"1c2561ab-f284-4f60-98e2-f009cf49b0e9","symbol":"AMZN","side":"SELL","status":"filled","filled_qty":31,"leaves_qty":0,"price":185.49,"timestamp":"2026-05-19T12:20:24Z","match_id":"89ad6403-68fe-4ff7-bdfa-5fdc6a2476be"}}
{"event_type":"order_acked","timestamp":"2026-05-19T17:50:24.240821+05:30","order_acked":{"request_id":"e1af55d5-2304-4537-a5d5-974b26a5a77d","status_code":201}}
{"event_type":"order_acked","timestamp":"2026-05-19T17:50:24.2419261+05:30","order_acked":{"request_id":"534d8f0c-032d-4c1d-83b2-3c0152d14575","status_code":201}}
{"event_type":"order_acked","timestamp":"2026-05-19T17:50:24.2430294+05:30","order_acked":{"request_id":"21654584-692c-428e-a45d-9962c4a9c3b5","status_code":201}}
{"event_type":"execution_report","timestamp":"2026-05-19T17:50:24.2430294+05:30","execution":{"order_id":"5bf78c8a-9c44-4897-8993-086dc5540c78","symbol":"MSFT","side":"BUY","status":"filled","filled_qty":1,"leaves_qty":0,"price":687.24,"timestamp":"2026-05-19T12:20:24Z","match_id":"8c7b6fbc-3156-4696-9a87-95257055729c"}}
{"event_type":"execution_report","timestamp":"2026-05-19T17:50:24.247981+05:30","execution":{"order_id":"44734071-1107-42a8-a193-e7ebf78061e7","symbol":"TSLA","side":"SELL","status":"filled","filled_qty":45,"leaves_qty":0,"price":436.25,"timestamp":"2026-05-19T12:20:24Z","match_id":"dcdd4da1-8d95-4a79-b4c9-4d0a811c625f"}}
{"event_type":"execution_report","timestamp":"2026-05-19T17:50:24.2517817+05:30","execution":{"order_id":"bc8205b2-3fa1-4bfb-9e30-e64a6852b7fc","symbol":"GOOG","side":"BUY","status":"filled","filled_qty":75,"leaves_qty":0,"price":976.01,"timestamp":"2026-05-19T12:20:24Z","match_id":"a4c8b857-7763-4e55-b620-3121c340e705"}}
{"event_type":"order_sent","timestamp":"2026-05-19T17:50:25.9100262+05:30","order_sent":{"request_id":"3fa3cf15-5fe0-4526-af6a-b78987a95098","order_id":"","type":"LIMIT","symbol":"AAPL","side":"SELL","price":186,"quantity":49}}
{"event_type":"order_sent","timestamp":"2026-05-19T17:50:25.9100262+05:30","order_sent":{"request_id":"cc2c82bf-8c41-4ea8-8bdc-6e86efa6e541","order_id":"","type":"LIMIT","symbol":"GOOG","side":"BUY","price":583.61,"quantity":61}}
{"event_type":"order_sent","timestamp":"2026-05-19T17:50:25.9100262+05:30","order_sent":{"request_id":"f1991514-61c8-4a76-b33c-ddc4c10d2806","order_id":"","type":"LIMIT","symbol":"AMZN","side":"BUY","price":173.57,"quantity":16}}
{"event_type":"order_sent","timestamp":"2026-05-19T17:50:25.9105899+05:30","order_sent":{"request_id":"02eeeea7-f5fa-47db-8b8f-97053cdb2d03","order_id":"","type":"LIMIT","symbol":"TSLA","side":"BUY","price":340.68,"quantity":10}}
{"event_type":"order_sent","timestamp":"2026-05-19T17:50:25.9105899+05:30","order_sent":{"request_id":"ebc21a46-ba57-4b97-adfe-fb50b7ce1459","order_id":"","type":"LIMIT","symbol":"MSFT","side":"BUY","price":374.62,"quantity":32}}
{"event_type":"order_sent","timestamp":"2026-05-19T17:50:25.9105899+05:30","order_sent":{"request_id":"d924a313-f9db-444a-b323-30d869c0afe7","order_id":"","type":"MARKET","symbol":"TSLA","side":"BUY","quantity":31}}
{"event_type":"order_sent","timestamp":"2026-05-19T17:50:25.9105899+05:30","order_sent":{"request_id":"b1d41eac-820a-4f90-8019-117a6f1c930b","order_id":"","type":"MARKET","symbol":"AMZN","side":"SELL","quantity":28}}
{"event_type":"order_sent","timestamp":"2026-05-19T17:50:25.9105899+05:30","order_sent":{"request_id":"46e26db9-855c-4256-97a2-524467ceff45","order_id":"","type":"LIMIT","symbol":"AAPL","side":"SELL","price":881.36,"quantity":31}}
{"event_type":"order_sent","timestamp":"2026-05-19T17:50:25.9105899+05:30","order_sent":{"request_id":"6eb06e10-b7d2-4593-9893-7e7987738531","order_id":"","type":"LIMIT","symbol":"AAPL","side":"SELL","price":604.77,"quantity":6}}
{"event_type":"order_sent","timestamp":"2026-05-19T17:50:25.9105899+05:30","order_sent":{"request_id":"687905d4-3297-4bf4-bd8d-a7fd4724f92b","order_id":"","type":"LIMIT","symbol":"AAPL","side":"SELL","price":165.46,"quantity":43}}
{"event_type":"order_sent","timestamp":"2026-05-19T17:50:25.9105899+05:30","order_sent":{"request_id":"13ccea7a-6161-49a7-b7c6-dcf403449a8d","order_id":"","type":"LIMIT","symbol":"AAPL","side":"SELL","price":924.38,"quantity":47}}
{"event_type":"order_sent","timestamp":"2026-05-19T17:50:25.9105899+05:30","order_sent":{"request_id":"88e9c302-3deb-4906-a584-1351b41405f2","order_id":"","type":"LIMIT","symbol":"GOOG","side":"BUY","price":101.46,"quantity":83}}
{"event_type":"order_sent","timestamp":"2026-05-19T17:50:25.9105899+05:30","order_sent":{"request_id":"79cacf79-6f79-4e56-93fb-9dca13bc7142","order_id":"","type":"LIMIT","symbol":"AMZN","side":"BUY","price":756.56,"quantity":73}}
{"event_type":"order_sent","timestamp":"2026-05-19T17:50:25.9111573+05:30","order_sent":{"request_id":"0d04f79d-a029-49a2-8dc3-585cdae9e39e","order_id":"","type":"LIMIT","symbol":"GOOG","side":"BUY","price":959.04,"quantity":33}}
{"event_type":"order_sent","timestamp":"2026-05-19T17:50:25.9111573+05:30","order_sent":{"request_id":"dd745f5e-39ec-4a8d-bae6-a4ab8326148a","order_id":"","type":"LIMIT","symbol":"AMZN","side":"BUY","price":928.89,"quantity":5}}
{"event_type":"order_sent","timestamp":"2026-05-19T17:50:25.9111573+05:30","order_sent":{"request_id":"c3645352-f663-47cb-842d-44e4becf2ee2","order_id":"","type":"MARKET","symbol":"GOOG","side":"SELL","quantity":1}}
{"event_type":"order_sent","timestamp":"2026-05-19T17:50:25.9111573+05:30","order_sent":{"request_id":"5e228235-b0d1-4dac-9979-940aa81a6bcb","order_id":"","type":"MARKET","symbol":"MSFT","side":"SELL","quantity":20}}
{"event_type":"order_sent","timestamp":"2026-05-19T17:50:25.9111573+05:30","order_sent":{"request_id":"0fb4811e-13e1-44fb-b3dc-a3087f74b10d","order_id":"","type":"MARKET","symbol":"TSLA","side":"SELL","quantity":49}}
{"event_type":"order_sent","timestamp":"2026-05-19T17:50:25.9111573+05:30","order_sent":{"request_id":"332f0fae-323e-4be0-8425-2dfffb30c853","order_id":"","type":"LIMIT","symbol":"AMZN","side":"BUY","price":461.76,"quantity":51}}
{"event_type":"order_sent","timestamp":"2026-05-19T17:50:25.9111573+05:30","order_sent":{"request_id":"3d0a0d68-9f75-480e-bbb6-c24bc5bc719b","order_id":"","type":"LIMIT","symbol":"GOOG","side":"SELL","price":154.48,"quantity":24}}
{"event_type":"order_sent","timestamp":"2026-05-19T17:50:25.9111573+05:30","order_sent":{"request_id":"f1e99d4a-3986-4ba7-b6e7-e2a65d46188b","order_id":"","type":"MARKET","symbol":"AAPL","side":"SELL","quantity":14}}
{"event_type":"order_sent","timestamp":"2026-05-19T17:50:25.9111573+05:30","order_sent":{"request_id":"159d42cb-7887-4b3b-951c-c605b2a9dd78","order_id":"","type":"LIMIT","symbol":"MSFT","side":"SELL","price":641.01,"quantity":54}}
{"event_type":"order_sent","timestamp":"2026-05-19T17:50:25.9111573+05:30","order_sent":{"request_id":"240c0ce2-f557-441a-9225-9d457c062df8","order_id":"","type":"MARKET","symbol":"TSLA","side":"SELL","quantity":18}}
{"event_type":"order_sent","timestamp":"2026-05-19T17:50:25.9111573+05:30","order_sent":{"request_id":"52f225d9-99f7-4cd7-956d-ce9a38ff8581","order_id":"","type":"MARKET","symbol":"AMZN","side":"SELL","quantity":36}}
{"event_type":"order_sent","timestamp":"2026-05-19T17:50:25.9117019+05:30","order_sent":{"request_id":"24f912a9-2162-445c-b710-9e20978ce250","order_id":"","type":"LIMIT","symbol":"AAPL","side":"SELL","price":427.86,"quantity":86}}
{"event_type":"order_sent","timestamp":"2026-05-19T17:50:25.9111573+05:30","order_sent":{"request_id":"638a8122-7de5-4e47-ac62-341d0f99f6b9","order_id":"","type":"LIMIT","symbol":"AMZN","side":"BUY","price":908.09,"quantity":80}}
{"event_type":"order_sent","timestamp":"2026-05-19T17:50:25.9117019+05:30","order_sent":{"request_id":"23b94e8d-5b53-4da6-8d66-7e4b0302f474","order_id":"","type":"LIMIT","symbol":"TSLA","side":"BUY","price":607.35,"quantity":51}}
{"event_type":"order_sent","timestamp":"2026-05-19T17:50:25.9117019+05:30","order_sent":{"request_id":"d83cd058-0bc7-413e-a8e4-5d7e506b9a22","order_id":"","type":"LIMIT","symbol":"MSFT","side":"BUY","price":345.4,"quantity":17}}
{"event_type":"order_sent","timestamp":"2026-05-19T17:50:25.9105899+05:30","order_sent":{"request_id":"2dc42d6e-71ac-4acc-8d36-753806f915dd","order_id":"","type":"LIMIT","symbol":"TSLA","side":"BUY","price":129.97,"quantity":61}}
{"event_type":"order_sent","timestamp":"2026-05-19T17:50:25.9111573+05:30","order_sent":{"request_id":"5b499e7a-8abe-4363-95c7-81c5059a042f","order_id":"ord-3509425656575979020","type":"CANCEL","symbol":"","side":""}}
{"event_type":"order_sent","timestamp":"2026-05-19T17:50:25.9111573+05:30","order_sent":{"request_id":"f8943acf-3d31-40f1-afe1-f875aa8cef69","order_id":"","type":"LIMIT","symbol":"AMZN","side":"BUY","price":856.95,"quantity":14}}
{"event_type":"order_sent","timestamp":"2026-05-19T17:50:25.9111573+05:30","order_sent":{"request_id":"d7dae4b2-1d60-4c10-acaf-f608633ac6d9","order_id":"","type":"LIMIT","symbol":"AAPL","side":"SELL","price":977,"quantity":83}}
{"event_type":"order_sent","timestamp":"2026-05-19T17:50:25.9117019+05:30","order_sent":{"request_id":"b3f50f6d-2f60-49ca-8f65-6ee044e2a5fe","order_id":"","type":"LIMIT","symbol":"MSFT","side":"BUY","price":744.03,"quantity":74}}
{"event_type":"order_sent","timestamp":"2026-05-19T17:50:25.9111573+05:30","order_sent":{"request_id":"2712f3fa-c38f-47a5-9672-d5058fa973e7","order_id":"","type":"LIMIT","symbol":"AMZN","side":"SELL","price":271.14,"quantity":98}}
{"event_type":"order_sent","timestamp":"2026-05-19T17:50:25.9111573+05:30","order_sent":{"request_id":"d4366d29-73ba-4ff2-8c98-f244378aa90d","order_id":"","type":"LIMIT","symbol":"AAPL","side":"SELL","price":965.24,"quantity":9}}
{"event_type":"order_sent","timestamp":"2026-05-19T17:50:25.9111573+05:30","order_sent":{"request_id":"bb21ed77-f86a-4eed-aa88-9c631c613f42","order_id":"","type":"LIMIT","symbol":"AMZN","side":"SELL","price":984.85,"quantity":28}}
{"event_type":"order_sent","timestamp":"2026-05-19T17:50:25.9100262+05:30","order_sent":{"request_id":"02c62d15-477e-4e71-8d5f-8b96bbfb4dbf","order_id":"","type":"MARKET","symbol":"TSLA","side":"BUY","quantity":17}}
{"event_type":"order_sent","timestamp":"2026-05-19T17:50:25.9105899+05:30","order_sent":{"request_id":"1978db98-b3b6-4362-845c-ef4055b35297","order_id":"","type":"MARKET","symbol":"GOOG","side":"BUY","quantity":13}}
{"event_type":"order_sent","timestamp":"2026-05-19T17:50:25.9126047+05:30","order_sent":{"request_id":"b9580ee3-2456-4b55-9393-959ce0e05601","order_id":"","type":"MARKET","symbol":"TSLA","side":"SELL","quantity":50}}
{"event_type":"order_sent","timestamp":"2026-05-19T17:50:25.9111573+05:30","order_sent":{"request_id":"a8cad13e-f51d-4ae1-a0ee-adf853aa11ae","order_id":"","type":"MARKET","symbol":"AAPL","side":"BUY","quantity":17}}
{"event_type":"order_sent","timestamp":"2026-05-19T17:50:25.9111573+05:30","order_sent":{"request_id":"e224be99-39ae-4824-b7a0-c06f68bc21f0","order_id":"","type":"MARKET","symbol":"TSLA","side":"BUY","quantity":1}}
{"event_type":"order_sent","timestamp":"2026-05-19T17:50:25.9105899+05:30","order_sent":{"request_id":"049c19f1-ee7c-4fca-944a-1f1c35319ce5","order_id":"","type":"LIMIT","symbol":"AMZN","side":"SELL","price":130.59,"quantity":87}}
{"event_type":"order_sent","timestamp":"2026-05-19T17:50:25.9111573+05:30","order_sent":{"request_id":"52e06731-4e0f-4837-8387-0ac390a82454","order_id":"","type":"LIMIT","symbol":"AMZN","side":"BUY","price":937.1,"quantity":19}}
{"event_type":"order_sent","timestamp":"2026-05-19T17:50:25.9111573+05:30","order_sent":{"request_id":"71590bf5-e081-4102-bbfe-4342f5c5bfcb","order_id":"","type":"MARKET","symbol":"TSLA","side":"SELL","quantity":50}}
{"event_type":"order_sent","timestamp":"2026-05-19T17:50:25.9105899+05:30","order_sent":{"request_id":"76556952-f296-4128-9fea-766563484b7f","order_id":"","type":"LIMIT","symbol":"MSFT","side":"SELL","price":245.03,"quantity":4}}
{"event_type":"order_sent","timestamp":"2026-05-19T17:50:25.9105899+05:30","order_sent":{"request_id":"f2b42078-5638-4fe7-b368-c3b8e5af5ea3","order_id":"","type":"MARKET","symbol":"AAPL","side":"SELL","quantity":41}}
{"event_type":"order_sent","timestamp":"2026-05-19T17:50:25.9105899+05:30","order_sent":{"request_id":"4ffad8bc-a28c-4764-a992-ff0ed37b7009","order_id":"","type":"MARKET","symbol":"MSFT","side":"BUY","quantity":31}}
{"event_type":"order_sent","timestamp":"2026-05-19T17:50:25.9105899+05:30","order_sent":{"request_id":"7768d802-79f2-45e9-9f5a-6f023ce45e52","order_id":"","type":"LIMIT","symbol":"AMZN","side":"BUY","price":574.98,"quantity":67}}
{"event_type":"order_sent","timestamp":"2026-05-19T17:50:25.9105899+05:30","order_sent":{"request_id":"8970b55b-a171-4f8b-876f-f8cc6a461e6b","order_id":"","type":"LIMIT","symbol":"AMZN","side":"SELL","price":803.94,"quantity":76}}
{"event_type":"order_sent","timestamp":"2026-05-19T17:50:25.9105899+05:30","order_sent":{"request_id":"d005c350-9a9b-400d-b624-5953881877d9","order_id":"","type":"LIMIT","symbol":"TSLA","side":"SELL","price":653.9,"quantity":87}}
{"event_type":"order_sent","timestamp":"2026-05-19T17:50:25.9105899+05:30","order_sent":{"request_id":"a2e2f0be-bd02-42c0-8ff4-004cb3a9c1f1","order_id":"","type":"LIMIT","symbol":"AMZN","side":"BUY","price":902.03,"quantity":16}}
{"event_type":"order_sent","timestamp":"2026-05-19T17:50:25.9111573+05:30","order_sent":{"request_id":"1318d21f-ab2f-4e43-94bd-2013c26be26c","order_id":"","type":"LIMIT","symbol":"MSFT","side":"BUY","price":101.17,"quantity":88}}
{"event_type":"order_sent","timestamp":"2026-05-19T17:50:25.9111573+05:30","order_sent":{"request_id":"94973fa4-f4cd-456d-8133-a8c96ff6caaa","order_id":"","type":"MARKET","symbol":"MSFT","side":"SELL","quantity":50}}
{"event_type":"order_sent","timestamp":"2026-05-19T17:50:25.9100262+05:30","order_sent":{"request_id":"b72782bf-ee07-4c39-84db-d5f6099f0114","order_id":"","type":"MARKET","symbol":"MSFT","side":"SELL","quantity":42}}
{"event_type":"order_sent","timestamp":"2026-05-19T17:50:25.9111573+05:30","order_sent":{"request_id":"a531ea19-0c44-4539-8dee-9eb64eee8bfa","order_id":"","type":"MARKET","symbol":"GOOG","side":"BUY","quantity":34}}
{"event_type":"order_sent","timestamp":"2026-05-19T17:50:25.9111573+05:30","order_sent":{"request_id":"00f382a3-81c1-46fb-b62f-24b1f8ace1ae","order_id":"","type":"MARKET","symbol":"MSFT","side":"SELL","quantity":35}}
{"event_type":"order_sent","timestamp":"2026-05-19T17:50:25.9111573+05:30","order_sent":{"request_id":"a19aa5a8-d71a-4751-8577-2d29e5d2c118","order_id":"ord-2181977757016701357","type":"CANCEL","symbol":"","side":""}}
{"event_type":"order_sent","timestamp":"2026-05-19T17:50:25.9111573+05:30","order_sent":{"request_id":"e41b26b6-0975-4055-97be-87dd288cbdd1","order_id":"","type":"LIMIT","symbol":"AMZN","side":"BUY","price":732.03,"quantity":28}}
{"event_type":"order_sent","timestamp":"2026-05-19T17:50:25.9111573+05:30","order_sent":{"request_id":"8e33c771-77db-47bc-8aa4-c3cef63e008f","order_id":"","type":"MARKET","symbol":"TSLA","side":"SELL","quantity":2}}
{"event_type":"order_sent","timestamp":"2026-05-19T17:50:25.9111573+05:30","order_sent":{"request_id":"ab49a772-9185-443f-ab81-9f8e633df8f1","order_id":"ord-2603477892984378406","type":"CANCEL","symbol":"","side":""}}
{"event_type":"order_sent","timestamp":"2026-05-19T17:50:25.9111573+05:30","order_sent":{"request_id":"175444aa-460a-4174-8a22-a5457fe0113e","order_id":"","type":"LIMIT","symbol":"MSFT","side":"BUY","price":445.9,"quantity":47}}
{"event_type":"order_sent","timestamp":"2026-05-19T17:50:25.9111573+05:30","order_sent":{"request_id":"35b365da-ec4f-49b1-95fb-6d3199bfaf0f","order_id":"","type":"MARKET","symbol":"AAPL","side":"SELL","quantity":28}}
{"event_type":"order_sent","timestamp":"2026-05-19T17:50:25.9111573+05:30","order_sent":{"request_id":"5ca550e2-6759-4da5-9cfb-5abe8d95e4f0","order_id":"","type":"MARKET","symbol":"MSFT","side":"BUY","quantity":3}}
{"event_type":"order_sent","timestamp":"2026-05-19T17:50:25.9111573+05:30","order_sent":{"request_id":"fa8f30c7-e26e-444b-a0bd-c63ed17dc46e","order_id":"","type":"LIMIT","symbol":"AMZN","side":"SELL","price":829.39,"quantity":42}}
{"event_type":"order_sent","timestamp":"2026-05-19T17:50:25.9111573+05:30","order_sent":{"request_id":"3e0effb7-985e-44bb-ac84-b62ffebf428c","order_id":"","type":"LIMIT","symbol":"AAPL","side":"BUY","price":421.39,"quantity":53}}
{"event_type":"order_sent","timestamp":"2026-05-19T17:50:25.9111573+05:30","order_sent":{"request_id":"2f036ba7-5644-4535-9a7f-1a9f63235a0f","order_id":"","type":"MARKET","symbol":"TSLA","side":"BUY","quantity":5}}
{"event_type":"order_sent","timestamp":"2026-05-19T17:50:25.9111573+05:30","order_sent":{"request_id":"2f425ea1-880d-4ff4-a010-9f6c1df59a1d","order_id":"","type":"MARKET","symbol":"GOOG","side":"SELL","quantity":20}}
{"event_type":"order_sent","timestamp":"2026-05-19T17:50:25.9111573+05:30","order_sent":{"request_id":"0031f578-bcb0-4ee3-a51b-ff04f676076d","order_id":"","type":"MARKET","symbol":"MSFT","side":"BUY","quantity":42}}
{"event_type":"order_sent","timestamp":"2026-05-19T17:50:25.9111573+05:30","order_sent":{"request_id":"c8219b38-7930-4abe-99dc-f84a4e2cf624","order_id":"","type":"LIMIT","symbol":"TSLA","side":"BUY","price":141.24,"quantity":56}}
{"event_type":"order_sent","timestamp":"2026-05-19T17:50:25.9111573+05:30","order_sent":{"request_id":"f6351399-b09a-4ad2-a173-e8ba55bd208f","order_id":"","type":"MARKET","symbol":"TSLA","side":"BUY","quantity":16}}
{"event_type":"order_sent","timestamp":"2026-05-19T17:50:25.9111573+05:30","order_sent":{"request_id":"f2d3c6aa-1ce5-4ffd-998f-4b8977c6a7ed","order_id":"ord-6002001309147736164","type":"CANCEL","symbol":"","side":""}}
{"event_type":"order_sent","timestamp":"2026-05-19T17:50:25.9111573+05:30","order_sent":{"request_id":"ca706abb-4ddf-4bdb-a251-8eede5f9cb51","order_id":"","type":"MARKET","symbol":"AAPL","side":"BUY","quantity":29}}
{"event_type":"order_sent","timestamp":"2026-05-19T17:50:25.9111573+05:30","order_sent":{"request_id":"e8fefb36-482b-4bc1-a7b4-4ca6ae10dafd","order_id":"","type":"LIMIT","symbol":"TSLA","side":"SELL","price":551.32,"quantity":44}}
{"event_type":"order_sent","timestamp":"2026-05-19T17:50:25.9111573+05:30","order_sent":{"request_id":"9516312f-1a30-4908-9acc-5405d1d4b963","order_id":"","type":"LIMIT","symbol":"MSFT","side":"BUY","price":336.24,"quantity":70}}
{"event_type":"order_sent","timestamp":"2026-05-19T17:50:25.9111573+05:30","order_sent":{"request_id":"a4e1e557-570e-45ff-a8a3-66e8a87e1855","order_id":"ord-5301742265519852575","type":"CANCEL","symbol":"","side":""}}
{"event_type":"order_sent","timestamp":"2026-05-19T17:50:25.9111573+05:30","order_sent":{"request_id":"1fb6faa6-5391-49d8-9976-ee88b2e03bc3","order_id":"","type":"MARKET","symbol":"GOOG","side":"SELL","quantity":18}}
{"event_type":"order_sent","timestamp":"2026-05-19T17:50:25.9111573+05:30","order_sent":{"request_id":"aaf278d2-7203-472f-87fb-fab923692dd1","order_id":"","type":"LIMIT","symbol":"MSFT","side":"SELL","price":158.04,"quantity":67}}
{"event_type":"order_sent","timestamp":"2026-05-19T17:50:25.9111573+05:30","order_sent":{"request_id":"df7778bc-4bfb-41f9-8db5-6c8e5803b892","order_id":"ord-3599107981202942250","type":"CANCEL","symbol":"","side":""}}
{"event_type":"order_sent","timestamp":"2026-05-19T17:50:25.9111573+05:30","order_sent":{"request_id":"27441246-a6eb-4004-b6d0-62e78a8342ee","order_id":"ord-3726489701867728550","type":"CANCEL","symbol":"","side":""}}
{"event_type":"order_sent","timestamp":"2026-05-19T17:50:25.9111573+05:30","order_sent":{"request_id":"513571b3-ac98-426c-88ee-f2b4e023ddb7","order_id":"","type":"LIMIT","symbol":"MSFT","side":"BUY","price":588.15,"quantity":39}}
{"event_type":"order_sent","timestamp":"2026-05-19T17:50:25.9111573+05:30","order_sent":{"request_id":"51db6d00-160a-47db-b89e-97b92c5bd751","order_id":"","type":"MARKET","symbol":"AAPL","side":"SELL","quantity":6}}
{"event_type":"order_sent","timestamp":"2026-05-19T17:50:25.9111573+05:30","order_sent":{"request_id":"620b1503-643a-4320-9a5a-53293f1689d7","order_id":"","type":"LIMIT","symbol":"MSFT","side":"BUY","price":114.29,"quantity":65}}
{"event_type":"order_sent","timestamp":"2026-05-19T17:50:25.9111573+05:30","order_sent":{"request_id":"5ae9b33b-9978-4e54-9f6d-f0b4bf592ee4","order_id":"","type":"LIMIT","symbol":"TSLA","side":"SELL","price":634.89,"quantity":9}}
{"event_type":"order_sent","timestamp":"2026-05-19T17:50:25.9111573+05:30","order_sent":{"request_id":"60d13d6a-a9d5-481d-b2c9-31488ac05c5f","order_id":"","type":"LIMIT","symbol":"MSFT","side":"BUY","price":996.24,"quantity":85}}
{"event_type":"order_sent","timestamp":"2026-05-19T17:50:25.9111573+05:30","order_sent":{"request_id":"091812ce-1c46-4e3c-a5a4-4dbafecd2199","order_id":"","type":"MARKET","symbol":"AAPL","side":"SELL","quantity":13}}
{"event_type":"order_sent","timestamp":"2026-05-19T17:50:25.9100262+05:30","order_sent":{"request_id":"cbb2cffa-3254-460c-a2cd-5d4c73c64b87","order_id":"","type":"MARKET","symbol":"AMZN","side":"BUY","quantity":35}}
{"event_type":"order_sent","timestamp":"2026-05-19T17:50:25.9117019+05:30","order_sent":{"request_id":"85d40adc-07d6-48e3-bf89-ecbbf401ddb3","order_id":"ord-6881007939859075808","type":"CANCEL","symbol":"","side":""}}
{"event_type":"order_sent","timestamp":"2026-05-19T17:50:25.9117019+05:30","order_sent":{"request_id":"2bfdb5f2-02a8-49dc-912c-ecae7d3b0c49","order_id":"","type":"LIMIT","symbol":"TSLA","side":"BUY","price":231.19,"quantity":37}}
{"event_type":"order_sent","timestamp":"2026-05-19T17:50:25.9117019+05:30","order_sent":{"request_id":"6506d7cd-17a7-477b-9471-7c207b63b0d9","order_id":"","type":"MARKET","symbol":"AAPL","side":"BUY","quantity":44}}
{"event_type":"order_sent","timestamp":"2026-05-19T17:50:25.9117019+05:30","order_sent":{"request_id":"2eb6eecc-d085-437b-9cba-e9b80141e37e","order_id":"","type":"LIMIT","symbol":"GOOG","side":"BUY","price":528.11,"quantity":75}}
{"event_type":"order_sent","timestamp":"2026-05-19T17:50:25.9117019+05:30","order_sent":{"request_id":"81af44d9-11be-414f-b2c4-d55bef5871f3","order_id":"","type":"LIMIT","symbol":"TSLA","side":"BUY","price":777.75,"quantity":60}}
{"event_type":"order_sent","timestamp":"2026-05-19T17:50:25.9117019+05:30","order_sent":{"request_id":"33d3432f-22cb-4758-98e6-c4df61c8d8a6","order_id":"","type":"LIMIT","symbol":"AAPL","side":"BUY","price":804.63,"quantity":10}}
{"event_type":"order_sent","timestamp":"2026-05-19T17:50:25.9117019+05:30","order_sent":{"request_id":"59bc8f42-a939-47d4-9d51-6d2718e200b4","order_id":"","type":"LIMIT","symbol":"GOOG","side":"BUY","price":757.63,"quantity":57}}
{"event_type":"order_sent","timestamp":"2026-05-19T17:50:25.9117019+05:30","order_sent":{"request_id":"7e8e3011-b445-4a1b-aabe-d358101ad476","order_id":"","type":"MARKET","symbol":"AMZN","side":"SELL","quantity":13}}
{"event_type":"order_sent","timestamp":"2026-05-19T17:50:25.9117019+05:30","order_sent":{"request_id":"e8e2b449-74bf-4590-9527-e3962e02815a","order_id":"","type":"MARKET","symbol":"AMZN","side":"BUY","quantity":41}}
{"event_type":"order_sent","timestamp":"2026-05-19T17:50:25.9100262+05:30","order_sent":{"request_id":"076b89dc-b9f1-4637-8856-869182f8726f","order_id":"","type":"MARKET","symbol":"AMZN","side":"BUY","quantity":13}}
{"event_type":"order_sent","timestamp":"2026-05-19T17:50:25.9117019+05:30","order_sent":{"request_id":"eb0b69fe-8fa0-4bce-a04a-2ddfc1c320e7","order_id":"","type":"MARKET","symbol":"AAPL","side":"BUY","quantity":42}}
{"event_type":"order_sent","timestamp":"2026-05-19T17:50:25.9117019+05:30","order_sent":{"request_id":"e00159f4-90f5-4493-8550-bec4c2163445","order_id":"","type":"LIMIT","symbol":"AAPL","side":"SELL","price":880.92,"quantity":78}}
{"event_type":"order_sent","timestamp":"2026-05-19T17:50:25.9120941+05:30","order_sent":{"request_id":"55eca98e-8a48-4335-9022-fa4121dbebe8","order_id":"","type":"LIMIT","symbol":"GOOG","side":"SELL","price":864.31,"quantity":71}}
{"event_type":"order_sent","timestamp":"2026-05-19T17:50:25.9120941+05:30","order_sent":{"request_id":"de4d2695-f141-4326-957a-54caf5ccf972","order_id":"","type":"MARKET","symbol":"MSFT","side":"SELL","quantity":22}}
{"event_type":"order_acked","timestamp":"2026-05-19T17:50:25.9363771+05:30","order_acked":{"request_id":"0fb4811e-13e1-44fb-b3dc-a3087f74b10d","status_code":201}}
{"event_type":"order_acked","timestamp":"2026-05-19T17:50:25.9384121+05:30","order_acked":{"request_id":"52f225d9-99f7-4cd7-956d-ce9a38ff8581","status_code":201}}
{"event_type":"order_acked","timestamp":"2026-05-19T17:50:25.9390799+05:30","order_acked":{"request_id":"3fa3cf15-5fe0-4526-af6a-b78987a95098","status_code":201}}
{"event_type":"execution_report","timestamp":"2026-05-19T17:50:25.944911+05:30","execution":{"order_id":"2433b2a3-062c-4319-8523-cb1728685c12","symbol":"AAPL","side":"SELL","status":"filled","filled_qty":49,"leaves_qty":0,"price":186,"timestamp":"2026-05-19T12:20:25Z","match_id":"edcc850a-1005-4be9-a403-3edacfe1fd3f"}}
{"event_type":"order_acked","timestamp":"2026-05-19T17:50:25.9494145+05:30","order_acked":{"request_id":"0d04f79d-a029-49a2-8dc3-585cdae9e39e","status_code":201}}
{"event_type":"execution_report","timestamp":"2026-05-19T17:50:25.9652811+05:30","execution":{"order_id":"ceda67d0-8a60-41a5-91e8-d853284b6aa6","symbol":"GOOG","side":"BUY","status":"filled","filled_qty":33,"leaves_qty":0,"price":959.04,"timestamp":"2026-05-19T12:20:25Z","match_id":"109445dc-7fea-4612-9805-5f6f67c483b9"}}
{"event_type":"order_acked","timestamp":"2026-05-19T17:50:25.9810582+05:30","order_acked":{"request_id":"f1991514-61c8-4a76-b33c-ddc4c10d2806","status_code":201}}
{"event_type":"order_acked","timestamp":"2026-05-19T17:50:25.9815647+05:30","order_acked":{"request_id":"02c62d15-477e-4e71-8d5f-8b96bbfb4dbf","status_code":201}}
{"event_type":"order_acked","timestamp":"2026-05-19T17:50:25.983908+05:30","order_acked":{"request_id":"332f0fae-323e-4be0-8425-2dfffb30c853","status_code":201}}
{"event_type":"execution_report","timestamp":"2026-05-19T17:50:25.9862701+05:30","execution":{"order_id":"71b3cf31-7b8b-4421-b79e-38c9182a9d21","symbol":"AMZN","side":"BUY","status":"filled","filled_qty":51,"leaves_qty":0,"price":461.76,"timestamp":"2026-05-19T12:20:25Z","match_id":"b8b5e449-3bcf-46ad-81cc-fef0ab1d2fa7"}}
{"event_type":"execution_report","timestamp":"2026-05-19T17:50:25.9908458+05:30","execution":{"order_id":"fbcf98a2-b570-43d8-b2ed-0d011ea0025d","symbol":"AMZN","side":"BUY","status":"filled","filled_qty":16,"leaves_qty":0,"price":173.57,"timestamp":"2026-05-19T12:20:25Z","match_id":"28f818b3-7cb0-4e2e-b7e9-ee9886ac5281"}}
{"event_type":"execution_report","timestamp":"2026-05-19T17:50:25.9913911+05:30","execution":{"order_id":"c5d9bf8d-e94d-4890-a13a-7fbc4b826f10","symbol":"TSLA","side":"BUY","status":"filled","filled_qty":10,"leaves_qty":0,"price":340.68,"timestamp":"2026-05-19T12:20:25Z","match_id":"4a6a269b-ba79-4f3b-877f-76013152804c"}}
{"event_type":"execution_report","timestamp":"2026-05-19T17:50:25.9927243+05:30","execution":{"order_id":"05d1a4b8-b362-473c-b26b-2da1dc9320cd","symbol":"MSFT","side":"BUY","status":"filled","filled_qty":32,"leaves_qty":0,"price":374.62,"timestamp":"2026-05-19T12:20:25Z","match_id":"d577e4c4-f46b-4c19-bee6-a4ba81094732"}}
{"event_type":"order_acked","timestamp":"2026-05-19T17:50:25.9943778+05:30","order_acked":{"request_id":"cc2c82bf-8c41-4ea8-8bdc-6e86efa6e541","status_code":201}}
{"event_type":"order_acked","timestamp":"2026-05-19T17:50:25.9943778+05:30","order_acked":{"request_id":"5e228235-b0d1-4dac-9979-940aa81a6bcb","status_code":201}}
{"event_type":"order_acked","timestamp":"2026-05-19T17:50:25.9948875+05:30","order_acked":{"request_id":"02eeeea7-f5fa-47db-8b8f-97053cdb2d03","status_code":201}}
{"event_type":"execution_report","timestamp":"2026-05-19T17:50:25.9954432+05:30","execution":{"order_id":"9ba91379-da8f-48d1-b230-967fefce8d72","symbol":"GOOG","side":"BUY","status":"filled","filled_qty":61,"leaves_qty":0,"price":583.61,"timestamp":"2026-05-19T12:20:25Z","match_id":"f2a2a651-eb02-4347-a392-a9530fc7f432"}}
{"event_type":"order_acked","timestamp":"2026-05-19T17:50:25.9972772+05:30","order_acked":{"request_id":"ebc21a46-ba57-4b97-adfe-fb50b7ce1459","status_code":201}}
{"event_type":"order_acked","timestamp":"2026-05-19T17:50:25.9985953+05:30","order_acked":{"request_id":"687905d4-3297-4bf4-bd8d-a7fd4724f92b","status_code":201}}
{"event_type":"order_acked","timestamp":"2026-05-19T17:50:25.9997094+05:30","order_acked":{"request_id":"240c0ce2-f557-441a-9225-9d457c062df8","status_code":201}}
{"event_type":"execution_report","timestamp":"2026-05-19T17:50:26.0027937+05:30","execution":{"order_id":"4bad924a-819c-4e7e-a946-085b1e01592e","symbol":"AAPL","side":"SELL","status":"filled","filled_qty":86,"leaves_qty":0,"price":427.86,"timestamp":"2026-05-19T12:20:26Z","match_id":"3b64eaf1-b493-48bb-81aa-20903ebeac06"}}
{"event_type":"execution_report","timestamp":"2026-05-19T17:50:26.0044113+05:30","execution":{"order_id":"71b2e962-7416-459c-9425-283de201befc","symbol":"AAPL","side":"SELL","status":"filled","filled_qty":43,"leaves_qty":0,"price":165.46,"timestamp":"2026-05-19T12:20:26Z","match_id":"fde18b64-284d-4d4e-9322-a15258e60e4b"}}
{"event_type":"order_acked","timestamp":"2026-05-19T17:50:26.0060143+05:30","order_acked":{"request_id":"c3645352-f663-47cb-842d-44e4becf2ee2","status_code":201}}
{"event_type":"order_acked","timestamp":"2026-05-19T17:50:26.0081814+05:30","order_acked":{"request_id":"24f912a9-2162-445c-b710-9e20978ce250","status_code":201}}
{"event_type":"order_acked","timestamp":"2026-05-19T17:50:26.015395+05:30","order_acked":{"request_id":"1978db98-b3b6-4362-845c-ef4055b35297","status_code":201}}
{"event_type":"order_acked","timestamp":"2026-05-19T17:50:26.0159245+05:30","order_acked":{"request_id":"1318d21f-ab2f-4e43-94bd-2013c26be26c","status_code":201}}
{"event_type":"order_acked","timestamp":"2026-05-19T17:50:26.0169944+05:30","order_acked":{"request_id":"3d0a0d68-9f75-480e-bbb6-c24bc5bc719b","status_code":201}}
{"event_type":"order_acked","timestamp":"2026-05-19T17:50:26.0206118+05:30","order_acked":{"request_id":"dd745f5e-39ec-4a8d-bae6-a4ab8326148a","status_code":201}}
{"event_type":"execution_report","timestamp":"2026-05-19T17:50:26.0244648+05:30","execution":{"order_id":"1848286c-ab29-4d02-ae25-3a8e608de0dc","symbol":"AMZN","side":"BUY","status":"filled","filled_qty":5,"leaves_qty":0,"price":928.89,"timestamp":"2026-05-19T12:20:26Z","match_id":"82f7d398-4db3-4513-9121-6df1772d208c"}}
{"event_type":"execution_report","timestamp":"2026-05-19T17:50:26.0250107+05:30","execution":{"order_id":"4173366d-83ff-41a4-8c46-b4c9115f1b78","symbol":"MSFT","side":"BUY","status":"filled","filled_qty":88,"leaves_qty":0,"price":101.17,"timestamp":"2026-05-19T12:20:26Z","match_id":"da608446-004f-489d-a3d2-d3b86e57e579"}}
{"event_type":"execution_report","timestamp":"2026-05-19T17:50:26.0250107+05:30","execution":{"order_id":"7cb3e346-93b1-43aa-bd6d-fe27cda02a1d","symbol":"GOOG","side":"SELL","status":"filled","filled_qty":24,"leaves_qty":0,"price":154.48,"timestamp":"2026-05-19T12:20:26Z","match_id":"8941bc18-bdd9-492c-bbcc-a22ba74b9730"}}
{"event_type":"order_acked","timestamp":"2026-05-19T17:50:26.026748+05:30","order_acked":{"request_id":"f1e99d4a-3986-4ba7-b6e7-e2a65d46188b","status_code":201}}
{"event_type":"order_acked","timestamp":"2026-05-19T17:50:26.028795+05:30","order_acked":{"request_id":"d924a313-f9db-444a-b323-30d869c0afe7","status_code":201}}
{"event_type":"order_acked","timestamp":"2026-05-19T17:50:26.0298573+05:30","order_acked":{"request_id":"88e9c302-3deb-4906-a584-1351b41405f2","status_code":201}}
{"event_type":"order_acked","timestamp":"2026-05-19T17:50:26.030406+05:30","order_acked":{"request_id":"159d42cb-7887-4b3b-951c-c605b2a9dd78","status_code":201}}
{"event_type":"order_acked","timestamp":"2026-05-19T17:50:26.0315761+05:30","order_acked":{"request_id":"b1d41eac-820a-4f90-8019-117a6f1c930b","status_code":201}}
{"event_type":"execution_report","timestamp":"2026-05-19T17:50:26.0332135+05:30","execution":{"order_id":"9fec1513-d778-4bf1-9650-ca925be5b90a","symbol":"GOOG","side":"BUY","status":"filled","filled_qty":83,"leaves_qty":0,"price":101.46,"timestamp":"2026-05-19T12:20:26Z","match_id":"aa38920b-5d38-4079-a40b-f65b3a54bac6"}}
{"event_type":"execution_report","timestamp":"2026-05-19T17:50:26.0332135+05:30","execution":{"order_id":"15cf97fe-2157-4e78-a494-cf250c8197d7","symbol":"MSFT","side":"SELL","status":"filled","filled_qty":54,"leaves_qty":0,"price":641.01,"timestamp":"2026-05-19T12:20:26Z","match_id":"17de3116-66b5-40b0-b5aa-999ff215ae3e"}}
{"event_type":"order_acked","timestamp":"2026-05-19T17:50:26.0395111+05:30","order_acked":{"request_id":"46e26db9-855c-4256-97a2-524467ceff45","status_code":201}}
{"event_type":"order_acked","timestamp":"2026-05-19T17:50:26.0405763+05:30","order_acked":{"request_id":"b9580ee3-2456-4b55-9393-959ce0e05601","status_code":201}}
{"event_type":"order_acked","timestamp":"2026-05-19T17:50:26.0438828+05:30","order_acked":{"request_id":"79cacf79-6f79-4e56-93fb-9dca13bc7142","status_code":201}}
{"event_type":"order_acked","timestamp":"2026-05-19T17:50:26.045514+05:30","order_acked":{"request_id":"e224be99-39ae-4824-b7a0-c06f68bc21f0","status_code":201}}
{"event_type":"order_acked","timestamp":"2026-05-19T17:50:26.0466023+05:30","order_acked":{"request_id":"638a8122-7de5-4e47-ac62-341d0f99f6b9","status_code":201}}
{"event_type":"order_acked","timestamp":"2026-05-19T17:50:26.0477194+05:30","order_acked":{"request_id":"13ccea7a-6161-49a7-b7c6-dcf403449a8d","status_code":201}}
{"event_type":"order_acked","timestamp":"2026-05-19T17:50:26.0488155+05:30","order_acked":{"request_id":"4ffad8bc-a28c-4764-a992-ff0ed37b7009","status_code":201}}
{"event_type":"execution_report","timestamp":"2026-05-19T17:50:26.0498977+05:30","execution":{"order_id":"f2f8168c-54b8-46c5-9c1d-16b2fd9589ec","symbol":"AAPL","side":"SELL","status":"filled","filled_qty":31,"leaves_qty":0,"price":881.36,"timestamp":"2026-05-19T12:20:26Z","match_id":"1567f949-cad9-4920-a5df-db8197979710"}}
{"event_type":"execution_report","timestamp":"2026-05-19T17:50:26.0511268+05:30","execution":{"order_id":"c1b04968-4f3f-4852-8f8e-ca87b0e3adef","symbol":"AMZN","side":"BUY","status":"filled","filled_qty":73,"leaves_qty":0,"price":756.56,"timestamp":"2026-05-19T12:20:26Z","match_id":"9d816b1d-f60f-486e-956e-aca47567c744"}}
{"event_type":"execution_report","timestamp":"2026-05-19T17:50:26.0550277+05:30","execution":{"order_id":"f6598632-8276-4af3-9949-330a39fcb7f6","symbol":"AAPL","side":"SELL","status":"filled","filled_qty":47,"leaves_qty":0,"price":924.38,"timestamp":"2026-05-19T12:20:26Z","match_id":"cfa52404-2f8d-4e9c-a669-7fc8cd209630"}}
{"event_type":"execution_report","timestamp":"2026-05-19T17:50:26.0555828+05:30","execution":{"order_id":"6cb6881b-ffc0-41ab-84f3-af6218483801","symbol":"AMZN","side":"BUY","status":"filled","filled_qty":80,"leaves_qty":0,"price":908.09,"timestamp":"2026-05-19T12:20:26Z","match_id":"3383d85a-6d7f-4df7-9956-fc876ee97313"}}
{"event_type":"order_acked","timestamp":"2026-05-19T17:50:26.0566521+05:30","order_acked":{"request_id":"6eb06e10-b7d2-4593-9893-7e7987738531","status_code":201}}
{"event_type":"order_acked","timestamp":"2026-05-19T17:50:26.0609157+05:30","order_acked":{"request_id":"049c19f1-ee7c-4fca-944a-1f1c35319ce5","status_code":201}}
{"event_type":"order_acked","timestamp":"2026-05-19T17:50:26.0641341+05:30","order_acked":{"request_id":"d83cd058-0bc7-413e-a8e4-5d7e506b9a22","status_code":201}}
{"event_type":"execution_report","timestamp":"2026-05-19T17:50:26.0646939+05:30","execution":{"order_id":"3d6ae8c3-a138-4c0a-a5ff-d6fc3f185a6d","symbol":"AAPL","side":"SELL","status":"filled","filled_qty":6,"leaves_qty":0,"price":604.77,"timestamp":"2026-05-19T12:20:26Z","match_id":"13c1a35a-884c-48a5-ac5a-eaa05bde01fe"}}
{"event_type":"order_acked","timestamp":"2026-05-19T17:50:26.0685191+05:30","order_acked":{"request_id":"23b94e8d-5b53-4da6-8d66-7e4b0302f474","status_code":201}}
{"event_type":"execution_report","timestamp":"2026-05-19T17:50:26.0713079+05:30","execution":{"order_id":"acb7f05e-8efd-4882-b2d8-47726189c08e","symbol":"MSFT","side":"BUY","status":"filled","filled_qty":17,"leaves_qty":0,"price":345.4,"timestamp":"2026-05-19T12:20:26Z","match_id":"884595e8-891a-4f9a-98a8-d2eeeb37fe40"}}
{"event_type":"execution_report","timestamp":"2026-05-19T17:50:26.0725171+05:30","execution":{"order_id":"2acacab8-74e8-4096-abbe-fc40bb8420af","symbol":"AMZN","side":"SELL","status":"filled","filled_qty":87,"leaves_qty":0,"price":130.59,"timestamp":"2026-05-19T12:20:26Z","match_id":"1a867722-4db7-4676-bce9-d622d1430e9f"}}
{"event_type":"order_acked","timestamp":"2026-05-19T17:50:26.0725171+05:30","order_acked":{"request_id":"76556952-f296-4128-9fea-766563484b7f","status_code":201}}
{"event_type":"order_acked","timestamp":"2026-05-19T17:50:26.0737285+05:30","order_acked":{"request_id":"5b499e7a-8abe-4363-95c7-81c5059a042f","status_code":200}}
{"event_type":"execution_report","timestamp":"2026-05-19T17:50:26.0742566+05:30","execution":{"order_id":"8626010a-a935-47a2-9f64-30fa12ebbef5","symbol":"TSLA","side":"BUY","status":"filled","filled_qty":51,"leaves_qty":0,"price":607.35,"timestamp":"2026-05-19T12:20:26Z","match_id":"98e7a9de-0e97-4f3b-b491-e1aa2face944"}}
{"event_type":"order_acked","timestamp":"2026-05-19T17:50:26.0764666+05:30","order_acked":{"request_id":"f8943acf-3d31-40f1-afe1-f875aa8cef69","status_code":201}}
{"event_type":"execution_report","timestamp":"2026-05-19T17:50:26.0776031+05:30","execution":{"order_id":"342529b3-a640-4962-992f-3034bb6305f6","symbol":"MSFT","side":"SELL","status":"filled","filled_qty":4,"leaves_qty":0,"price":245.03,"timestamp":"2026-05-19T12:20:26Z","match_id":"25b8165c-1e7b-4519-8ced-6da53b80f65b"}}
{"event_type":"execution_report","timestamp":"2026-05-19T17:50:26.0824615+05:30","execution":{"order_id":"2ddc7319-88c5-4458-8286-052f2395375e","symbol":"AMZN","side":"BUY","status":"filled","filled_qty":14,"leaves_qty":0,"price":856.95,"timestamp":"2026-05-19T12:20:26Z","match_id":"3f2caea3-2792-43f6-a87b-789492745000"}}
{"event_type":"order_acked","timestamp":"2026-05-19T17:50:26.0840698+05:30","order_acked":{"request_id":"2dc42d6e-71ac-4acc-8d36-753806f915dd","status_code":201}}
{"event_type":"order_acked","timestamp":"2026-05-19T17:50:26.0890729+05:30","order_acked":{"request_id":"a8cad13e-f51d-4ae1-a0ee-adf853aa11ae","status_code":201}}
{"event_type":"order_acked","timestamp":"2026-05-19T17:50:26.0901659+05:30","order_acked":{"request_id":"7768d802-79f2-45e9-9f5a-6f023ce45e52","status_code":201}}
{"event_type":"execution_report","timestamp":"2026-05-19T17:50:26.0907561+05:30","execution":{"order_id":"ffb8f666-5674-4bc3-ab0f-79d7720a32ac","symbol":"TSLA","side":"BUY","status":"filled","filled_qty":61,"leaves_qty":0,"price":129.97,"timestamp":"2026-05-19T12:20:26Z","match_id":"0764ada2-e3f8-48db-96bd-c34245085728"}}
{"event_type":"order_acked","timestamp":"2026-05-19T17:50:26.0925729+05:30","order_acked":{"request_id":"52e06731-4e0f-4837-8387-0ac390a82454","status_code":201}}
{"event_type":"order_acked","timestamp":"2026-05-19T17:50:26.0937157+05:30","order_acked":{"request_id":"f2b42078-5638-4fe7-b368-c3b8e5af5ea3","status_code":201}}
{"event_type":"execution_report","timestamp":"2026-05-19T17:50:26.094859+05:30","execution":{"order_id":"bf006178-09cb-45da-a217-54fa44caed1e","symbol":"AMZN","side":"BUY","status":"filled","filled_qty":67,"leaves_qty":0,"price":574.98,"timestamp":"2026-05-19T12:20:26Z","match_id":"848c0698-96ae-4809-8a45-aaeec65ae08c"}}
{"event_type":"execution_report","timestamp":"2026-05-19T17:50:26.1018969+05:30","execution":{"order_id":"2a712b32-48d8-4ca9-af4c-0cd633df78c4","symbol":"AMZN","side":"BUY","status":"filled","filled_qty":19,"leaves_qty":0,"price":937.1,"timestamp":"2026-05-19T12:20:26Z","match_id":"25fdc282-6333-426a-af96-03ec93ff0dd0"}}
{"event_type":"order_acked","timestamp":"2026-05-19T17:50:26.1029926+05:30","order_acked":{"request_id":"8970b55b-a171-4f8b-876f-f8cc6a461e6b","status_code":201}}
{"event_type":"order_acked","timestamp":"2026-05-19T17:50:26.1068466+05:30","order_acked":{"request_id":"71590bf5-e081-4102-bbfe-4342f5c5bfcb","status_code":201}}
{"event_type":"order_acked","timestamp":"2026-05-19T17:50:26.1085716+05:30","order_acked":{"request_id":"bb21ed77-f86a-4eed-aa88-9c631c613f42","status_code":201}}
{"event_type":"execution_report","timestamp":"2026-05-19T17:50:26.1096337+05:30","execution":{"order_id":"a825c6f3-da98-4daf-ba98-81fe14b16747","symbol":"AMZN","side":"SELL","status":"filled","filled_qty":76,"leaves_qty":0,"price":803.94,"timestamp":"2026-05-19T12:20:26Z","match_id":"20a5baeb-2a4e-492c-a334-83e1af79f85d"}}
{"event_type":"order_acked","timestamp":"2026-05-19T17:50:26.1107209+05:30","order_acked":{"request_id":"d005c350-9a9b-400d-b624-5953881877d9","status_code":201}}
{"event_type":"execution_report","timestamp":"2026-05-19T17:50:26.1140502+05:30","execution":{"order_id":"cfb9145c-65f4-45fe-9d7f-e49c749a373e","symbol":"TSLA","side":"SELL","status":"filled","filled_qty":87,"leaves_qty":0,"price":653.9,"timestamp":"2026-05-19T12:20:26Z","match_id":"0e976627-5cd7-4b6b-836d-b3449b841ce8"}}
{"event_type":"order_acked","timestamp":"2026-05-19T17:50:26.1170768+05:30","order_acked":{"request_id":"94973fa4-f4cd-456d-8133-a8c96ff6caaa","status_code":201}}
{"event_type":"execution_report","timestamp":"2026-05-19T17:50:26.1316295+05:30","execution":{"order_id":"8aacbc0c-71c1-4faa-97e5-003f5f2d82e7","symbol":"AMZN","side":"SELL","status":"filled","filled_qty":28,"leaves_qty":0,"price":984.85,"timestamp":"2026-05-19T12:20:26Z","match_id":"233a1de9-6491-4cdd-9587-f61c4997f1fd"}}
{"event_type":"order_acked","timestamp":"2026-05-19T17:50:26.1332864+05:30","order_acked":{"request_id":"2712f3fa-c38f-47a5-9672-d5058fa973e7","status_code":201}}
{"event_type":"execution_report","timestamp":"2026-05-19T17:50:26.1332864+05:30","execution":{"order_id":"440b2f68-7b6a-4206-a6c6-3fb8296b0a99","symbol":"AMZN","side":"SELL","status":"filled","filled_qty":98,"leaves_qty":0,"price":271.14,"timestamp":"2026-05-19T12:20:26Z","match_id":"854eb884-9175-4672-aade-7744ec9de598"}}
{"event_type":"order_acked","timestamp":"2026-05-19T17:50:26.1390625+05:30","order_acked":{"request_id":"d7dae4b2-1d60-4c10-acaf-f608633ac6d9","status_code":201}}
{"event_type":"order_acked","timestamp":"2026-05-19T17:50:26.1413271+05:30","order_acked":{"request_id":"e8e2b449-74bf-4590-9527-e3962e02815a","status_code":201}}
{"event_type":"execution_report","timestamp":"2026-05-19T17:50:26.1435086+05:30","execution":{"order_id":"06e18002-212d-4c4b-8d32-2b235d2b2606","symbol":"AAPL","side":"SELL","status":"filled","filled_qty":83,"leaves_qty":0,"price":977,"timestamp":"2026-05-19T12:20:26Z","match_id":"5c88c897-3594-4332-b942-86520f51dedf"}}
{"event_type":"execution_report","timestamp":"2026-05-19T17:50:26.1485771+05:30","execution":{"order_id":"1db526e1-5384-46c5-870a-6b67fded5dfd","symbol":"AAPL","side":"SELL","status":"filled","filled_qty":9,"leaves_qty":0,"price":965.24,"timestamp":"2026-05-19T12:20:26Z","match_id":"49db55c2-5599-4f30-b7d1-9756fa9b73f2"}}
{"event_type":"execution_report","timestamp":"2026-05-19T17:50:26.1562957+05:30","execution":{"order_id":"ff569388-abcf-42fe-8287-6f98b83b3d89","symbol":"MSFT","side":"BUY","status":"filled","filled_qty":74,"leaves_qty":0,"price":744.03,"timestamp":"2026-05-19T12:20:26Z","match_id":"c95c6492-3261-4004-a278-cea1c57f9e77"}}
{"event_type":"execution_report","timestamp":"2026-05-19T17:50:26.1562957+05:30","execution":{"order_id":"85e0e8d3-2e6c-47e5-9eb0-57cac448a6d7","symbol":"AMZN","side":"BUY","status":"filled","filled_qty":16,"leaves_qty":0,"price":902.03,"timestamp":"2026-05-19T12:20:26Z","match_id":"94fb8a32-920b-423c-b5f6-88362ac3f8d6"}}
{"event_type":"order_acked","timestamp":"2026-05-19T17:50:26.1573573+05:30","order_acked":{"request_id":"d4366d29-73ba-4ff2-8c98-f244378aa90d","status_code":201}}
{"event_type":"order_acked","timestamp":"2026-05-19T17:50:26.1579011+05:30","order_acked":{"request_id":"b3f50f6d-2f60-49ca-8f65-6ee044e2a5fe","status_code":201}}
{"event_type":"order_acked","timestamp":"2026-05-19T17:50:26.1616991+05:30","order_acked":{"request_id":"2bfdb5f2-02a8-49dc-912c-ecae7d3b0c49","status_code":201}}
{"event_type":"order_acked","timestamp":"2026-05-19T17:50:26.1616991+05:30","order_acked":{"request_id":"a2e2f0be-bd02-42c0-8ff4-004cb3a9c1f1","status_code":201}}
{"event_type":"order_acked","timestamp":"2026-05-19T17:50:26.1616991+05:30","order_acked":{"request_id":"e00159f4-90f5-4493-8550-bec4c2163445","status_code":201}}
{"event_type":"order_acked","timestamp":"2026-05-19T17:50:26.1641076+05:30","order_acked":{"request_id":"b72782bf-ee07-4c39-84db-d5f6099f0114","status_code":201}}
{"event_type":"execution_report","timestamp":"2026-05-19T17:50:26.1641076+05:30","execution":{"order_id":"e993104a-be8c-4d6b-b71a-f6c28ba055e6","symbol":"AAPL","side":"SELL","status":"filled","filled_qty":78,"leaves_qty":0,"price":880.92,"timestamp":"2026-05-19T12:20:26Z","match_id":"b5787781-4158-4e4a-99d5-b5af5f10316b"}}
{"event_type":"order_acked","timestamp":"2026-05-19T17:50:26.1698412+05:30","order_acked":{"request_id":"1fb6faa6-5391-49d8-9976-ee88b2e03bc3","status_code":201}}
