{"event_type":"order_sent","timestamp":"2026-05-19T11:26:56.35581+05:30","order_sent":{"request_id":"929c1d22-f82c-49cc-a2af-7d762ada592e","order_id":"","type":"MARKET","symbol":"AMZN","side":"SELL","quantity":3}}
{"event_type":"order_sent","timestamp":"2026-05-19T11:26:56.3568183+05:30","order_sent":{"request_id":"81dc26a1-0918-40e8-a656-977f943ffeed","order_id":"","type":"MARKET","symbol":"AAPL","side":"SELL","quantity":41}}
{"event_type":"order_sent","timestamp":"2026-05-19T11:26:56.3578173+05:30","order_sent":{"request_id":"a59bc354-25e0-44d9-9857-782c4c817ac7","order_id":"","type":"MARKET","symbol":"AMZN","side":"BUY","quantity":29}}
{"event_type":"order_sent","timestamp":"2026-05-19T11:26:56.364215+05:30","order_sent":{"request_id":"27b98f14-d846-44ed-b015-cbb5ac7229c4","order_id":"ord-392639838666592931","type":"CANCEL","symbol":"","side":""}}
{"event_type":"order_sent","timestamp":"2026-05-19T11:26:56.3578173+05:30","order_sent":{"request_id":"d5ce00ab-2bdc-4be4-8422-d6b87832c5fc","order_id":"","type":"LIMIT","symbol":"TSLA","side":"SELL","price":102.16,"quantity":11}}
{"event_type":"order_sent","timestamp":"2026-05-19T11:26:56.358818+05:30","order_sent":{"request_id":"1ee327f2-a01b-4395-b7e0-45beb7d6e510","order_id":"","type":"MARKET","symbol":"AAPL","side":"SELL","quantity":38}}
{"event_type":"order_sent","timestamp":"2026-05-19T11:26:56.358818+05:30","order_sent":{"request_id":"a8608c6c-5581-4839-a06b-1d574d1d0f27","order_id":"ord-4533881185800434917","type":"CANCEL","symbol":"","side":""}}
{"event_type":"order_sent","timestamp":"2026-05-19T11:26:56.358818+05:30","order_sent":{"request_id":"78d4ddf9-8747-4ba8-93ee-908b8e62c753","order_id":"","type":"LIMIT","symbol":"AAPL","side":"BUY","price":579.15,"quantity":64}}
{"event_type":"order_sent","timestamp":"2026-05-19T11:26:56.358818+05:30","order_sent":{"request_id":"21315cb1-6164-461f-822c-f0b9eee23827","order_id":"ord-5794065913836551867","type":"CANCEL","symbol":"","side":""}}
{"event_type":"order_sent","timestamp":"2026-05-19T11:26:56.358818+05:30","order_sent":{"request_id":"75ed6d3b-737f-4a63-b917-e8c75203c5c4","order_id":"","type":"MARKET","symbol":"MSFT","side":"SELL","quantity":38}}
{"event_type":"order_sent","timestamp":"2026-05-19T11:26:56.358818+05:30","order_sent":{"request_id":"d3a32cf9-3f81-4936-ad2c-39bfe1141c9b","order_id":"ord-6929760314029196671","type":"CANCEL","symbol":"","side":""}}
{"event_type":"order_sent","timestamp":"2026-05-19T11:26:56.358818+05:30","order_sent":{"request_id":"669f1d8c-b28f-47d0-a5f9-597d4a3f333b","order_id":"ord-2847350615415089440","type":"CANCEL","symbol":"","side":""}}
{"event_type":"order_sent","timestamp":"2026-05-19T11:26:56.358818+05:30","order_sent":{"request_id":"8f816629-a09a-49df-9007-17a6b2695711","order_id":"","type":"MARKET","symbol":"MSFT","side":"BUY","quantity":34}}
{"event_type":"order_sent","timestamp":"2026-05-19T11:26:56.3598184+05:30","order_sent":{"request_id":"226c37f9-4b1d-4b92-b8e5-3f792547bd89","order_id":"","type":"LIMIT","symbol":"MSFT","side":"SELL","price":743.76,"quantity":39}}
{"event_type":"order_sent","timestamp":"2026-05-19T11:26:56.3598184+05:30","order_sent":{"request_id":"cf56fc2c-3b0d-4625-ad34-e72d0fc5dc25","order_id":"ord-2434301789649631394","type":"CANCEL","symbol":"","side":""}}
{"event_type":"order_sent","timestamp":"2026-05-19T11:26:56.3598184+05:30","order_sent":{"request_id":"44709f7f-f614-42da-960b-6eeb7ceaef67","order_id":"","type":"LIMIT","symbol":"AAPL","side":"BUY","price":180.43,"quantity":48}}
{"event_type":"order_sent","timestamp":"2026-05-19T11:26:56.35581+05:30","order_sent":{"request_id":"8bc94c9b-3f0f-4dec-8d70-16123419f984","order_id":"ord-6685639598271764264","type":"CANCEL","symbol":"","side":""}}
{"event_type":"order_sent","timestamp":"2026-05-19T11:26:56.3598184+05:30","order_sent":{"request_id":"f2b8b280-3985-4818-b629-239b2c5e362f","order_id":"ord-2101096894395557147","type":"CANCEL","symbol":"","side":""}}
{"event_type":"order_sent","timestamp":"2026-05-19T11:26:56.3598184+05:30","order_sent":{"request_id":"1100f11f-513a-4df2-b903-063c4eb66943","order_id":"","type":"LIMIT","symbol":"TSLA","side":"SELL","price":941.25,"quantity":16}}
{"event_type":"order_sent","timestamp":"2026-05-19T11:26:56.3598184+05:30","order_sent":{"request_id":"553e50ed-e395-44f1-89b0-b94a0027514a","order_id":"","type":"MARKET","symbol":"AMZN","side":"SELL","quantity":5}}
{"event_type":"order_sent","timestamp":"2026-05-19T11:26:56.3598184+05:30","order_sent":{"request_id":"9ff3fac1-85e2-4572-8e16-638726837b71","order_id":"","type":"MARKET","symbol":"MSFT","side":"SELL","quantity":44}}
{"event_type":"order_sent","timestamp":"2026-05-19T11:26:56.3598184+05:30","order_sent":{"request_id":"9a9bbe29-c7a3-4b62-80db-b01ada1d0399","order_id":"","type":"LIMIT","symbol":"MSFT","side":"BUY","price":427.27,"quantity":65}}
{"event_type":"order_sent","timestamp":"2026-05-19T11:26:56.358818+05:30","order_sent":{"request_id":"6fac7c20-25a9-49e4-8463-b34f2ae7b131","order_id":"","type":"LIMIT","symbol":"GOOG","side":"SELL","price":435.66,"quantity":67}}
{"event_type":"order_sent","timestamp":"2026-05-19T11:26:56.3598184+05:30","order_sent":{"request_id":"87af514b-5e6c-4d4c-9185-e42d5e0872d8","order_id":"","type":"LIMIT","symbol":"MSFT","side":"SELL","price":949.52,"quantity":71}}
{"event_type":"order_sent","timestamp":"2026-05-19T11:26:56.3598184+05:30","order_sent":{"request_id":"0f6b83d4-2969-44ea-bd06-cd6946d62253","order_id":"ord-8292262982483513850","type":"CANCEL","symbol":"","side":""}}
{"event_type":"order_sent","timestamp":"2026-05-19T11:26:56.3598184+05:30","order_sent":{"request_id":"44d576af-53b3-4859-8532-3bdb8c93e0fa","order_id":"","type":"MARKET","symbol":"AMZN","side":"BUY","quantity":3}}
{"event_type":"order_sent","timestamp":"2026-05-19T11:26:56.3598184+05:30","order_sent":{"request_id":"81d18c3a-dbe2-43f2-8c18-78ca8924d1e1","order_id":"ord-9086597699803097873","type":"CANCEL","symbol":"","side":""}}
{"event_type":"order_sent","timestamp":"2026-05-19T11:26:56.3598184+05:30","order_sent":{"request_id":"e0d4a121-ecd0-45bd-bde3-89bff7d3ad7c","order_id":"","type":"LIMIT","symbol":"AAPL","side":"BUY","price":555.97,"quantity":43}}
{"event_type":"order_sent","timestamp":"2026-05-19T11:26:56.3598184+05:30","order_sent":{"request_id":"cd82448f-92d3-4cf5-87fd-80b618e86fed","order_id":"","type":"LIMIT","symbol":"AMZN","side":"SELL","price":480.92,"quantity":14}}
{"event_type":"order_sent","timestamp":"2026-05-19T11:26:56.3598184+05:30","order_sent":{"request_id":"9befe09a-c8c4-4e10-9438-1d1968aed1fb","order_id":"","type":"MARKET","symbol":"AMZN","side":"SELL","quantity":11}}
{"event_type":"order_sent","timestamp":"2026-05-19T11:26:56.3598184+05:30","order_sent":{"request_id":"90f0cc72-ff25-4558-97a5-76906d889c80","order_id":"","type":"LIMIT","symbol":"MSFT","side":"SELL","price":407.55,"quantity":3}}
{"event_type":"order_sent","timestamp":"2026-05-19T11:26:56.3598184+05:30","order_sent":{"request_id":"bde422d2-1dc7-4046-a6c5-ffd37d5209d0","order_id":"","type":"LIMIT","symbol":"GOOG","side":"SELL","price":733.38,"quantity":9}}
{"event_type":"order_sent","timestamp":"2026-05-19T11:26:56.3598184+05:30","order_sent":{"request_id":"d605d0b6-2f81-43d3-9e76-99cd0930a8a9","order_id":"ord-4633707264299093771","type":"CANCEL","symbol":"","side":""}}
{"event_type":"order_sent","timestamp":"2026-05-19T11:26:56.3598184+05:30","order_sent":{"request_id":"3f461044-6c62-403d-9c86-07ea9de6e335","order_id":"ord-6199650655319619980","type":"CANCEL","symbol":"","side":""}}
{"event_type":"order_sent","timestamp":"2026-05-19T11:26:56.3598184+05:30","order_sent":{"request_id":"f3cee1b2-7c8e-44e6-9942-05decf1b23e3","order_id":"","type":"MARKET","symbol":"GOOG","side":"SELL","quantity":37}}
{"event_type":"order_sent","timestamp":"2026-05-19T11:26:56.3598184+05:30","order_sent":{"request_id":"1794b9ab-4271-4acf-8b97-71fec6e3c63d","order_id":"","type":"MARKET","symbol":"AMZN","side":"SELL","quantity":1}}
{"event_type":"order_sent","timestamp":"2026-05-19T11:26:56.3598184+05:30","order_sent":{"request_id":"e9bbb9fb-43be-4b35-954b-9dd6870302f0","order_id":"ord-4881350199939265100","type":"CANCEL","symbol":"","side":""}}
{"event_type":"order_sent","timestamp":"2026-05-19T11:26:56.3598184+05:30","order_sent":{"request_id":"601b81ef-f77d-4c26-a16e-3da3bdca2599","order_id":"","type":"LIMIT","symbol":"AMZN","side":"SELL","price":885,"quantity":51}}
{"event_type":"order_sent","timestamp":"2026-05-19T11:26:56.3598184+05:30","order_sent":{"request_id":"4f74a79b-252b-4fe0-8092-56b75710fd66","order_id":"","type":"LIMIT","symbol":"AMZN","side":"SELL","price":431.61,"quantity":20}}
{"event_type":"order_sent","timestamp":"2026-05-19T11:26:56.3598184+05:30","order_sent":{"request_id":"f5cd430d-91d7-4bbe-a62c-636f5fea870f","order_id":"","type":"MARKET","symbol":"AAPL","side":"BUY","quantity":33}}
{"event_type":"order_sent","timestamp":"2026-05-19T11:26:56.3598184+05:30","order_sent":{"request_id":"7c19aede-bcb5-43c7-bf4d-f705f946cc9d","order_id":"","type":"LIMIT","symbol":"TSLA","side":"BUY","price":485.44,"quantity":93}}
{"event_type":"order_sent","timestamp":"2026-05-19T11:26:56.3598184+05:30","order_sent":{"request_id":"03f4e20d-847b-4a15-85cb-262193d51d38","order_id":"","type":"MARKET","symbol":"AMZN","side":"BUY","quantity":34}}
{"event_type":"order_sent","timestamp":"2026-05-19T11:26:56.3598184+05:30","order_sent":{"request_id":"c1967aa2-88af-4c2d-ab9c-21b0fd932067","order_id":"","type":"MARKET","symbol":"AAPL","side":"BUY","quantity":37}}
{"event_type":"order_sent","timestamp":"2026-05-19T11:26:56.3598184+05:30","order_sent":{"request_id":"a4586ab9-f728-4c28-8e72-dfbd98238b15","order_id":"","type":"MARKET","symbol":"TSLA","side":"BUY","quantity":1}}
{"event_type":"order_sent","timestamp":"2026-05-19T11:26:56.3598184+05:30","order_sent":{"request_id":"bba472db-1c8e-4c2f-84e8-aecc46659301","order_id":"ord-8140138240495872481","type":"CANCEL","symbol":"","side":""}}
{"event_type":"order_sent","timestamp":"2026-05-19T11:26:56.3598184+05:30","order_sent":{"request_id":"1d4924f8-9990-440a-876b-d7bd39934cbb","order_id":"","type":"LIMIT","symbol":"MSFT","side":"SELL","price":624.03,"quantity":32}}
{"event_type":"order_sent","timestamp":"2026-05-19T11:26:56.3598184+05:30","order_sent":{"request_id":"0a999026-8357-48b9-8e68-88afdd34aef1","order_id":"","type":"LIMIT","symbol":"GOOG","side":"BUY","price":633.18,"quantity":33}}
{"event_type":"order_sent","timestamp":"2026-05-19T11:26:56.3598184+05:30","order_sent":{"request_id":"c553b7fa-a562-474d-bd63-fb02ddaa37e1","order_id":"","type":"MARKET","symbol":"AAPL","side":"BUY","quantity":1}}
{"event_type":"order_sent","timestamp":"2026-05-19T11:26:56.3598184+05:30","order_sent":{"request_id":"e23a4a2c-dd64-480f-9bdc-5a639a0cf370","order_id":"","type":"MARKET","symbol":"MSFT","side":"BUY","quantity":20}}
{"event_type":"order_sent","timestamp":"2026-05-19T11:26:56.3598184+05:30","order_sent":{"request_id":"92d7803d-af8b-41c2-ac09-52e470bd668f","order_id":"ord-7804781330027701145","type":"CANCEL","symbol":"","side":""}}
{"event_type":"order_sent","timestamp":"2026-05-19T11:26:56.3598184+05:30","order_sent":{"request_id":"90b74332-d6bf-41ef-9db6-45872c2eddaf","order_id":"","type":"LIMIT","symbol":"AAPL","side":"SELL","price":801.41,"quantity":32}}
{"event_type":"order_sent","timestamp":"2026-05-19T11:26:56.3598184+05:30","order_sent":{"request_id":"e12413e3-c407-4fc2-a07b-7bbf688a4b0c","order_id":"","type":"LIMIT","symbol":"GOOG","side":"SELL","price":240.45,"quantity":62}}
{"event_type":"order_sent","timestamp":"2026-05-19T11:26:56.3598184+05:30","order_sent":{"request_id":"9f049ed9-e04d-4f6b-b61b-3546587e4ee5","order_id":"","type":"LIMIT","symbol":"TSLA","side":"BUY","price":716.79,"quantity":11}}
{"event_type":"order_sent","timestamp":"2026-05-19T11:26:56.3598184+05:30","order_sent":{"request_id":"d71076a8-2351-48dc-9d3a-977302579627","order_id":"","type":"LIMIT","symbol":"AAPL","side":"SELL","price":553.37,"quantity":66}}
{"event_type":"order_sent","timestamp":"2026-05-19T11:26:56.3598184+05:30","order_sent":{"request_id":"15cb9237-62a2-48f4-91a2-410dbb505dd2","order_id":"","type":"LIMIT","symbol":"MSFT","side":"SELL","price":269.4,"quantity":84}}
{"event_type":"order_sent","timestamp":"2026-05-19T11:26:56.3608215+05:30","order_sent":{"request_id":"487e75f6-a2b7-4c09-87ef-317be350c766","order_id":"","type":"LIMIT","symbol":"GOOG","side":"SELL","price":419.37,"quantity":69}}
{"event_type":"order_sent","timestamp":"2026-05-19T11:26:56.3608215+05:30","order_sent":{"request_id":"ba806ed9-289b-4836-b6d5-6952bab11794","order_id":"","type":"LIMIT","symbol":"AMZN","side":"SELL","price":232.3,"quantity":48}}
{"event_type":"order_sent","timestamp":"2026-05-19T11:26:56.3608215+05:30","order_sent":{"request_id":"eba31f04-73f2-45a9-86e4-37c2e5ac8a69","order_id":"","type":"MARKET","symbol":"AMZN","side":"BUY","quantity":36}}
{"event_type":"order_sent","timestamp":"2026-05-19T11:26:56.3608215+05:30","order_sent":{"request_id":"c18e8069-53bb-4d65-ba65-d8818c569c20","order_id":"","type":"LIMIT","symbol":"MSFT","side":"BUY","price":623.4,"quantity":26}}
{"event_type":"order_sent","timestamp":"2026-05-19T11:26:56.3608215+05:30","order_sent":{"request_id":"7891b0a5-c3e2-4f21-8dd5-3f677468b054","order_id":"","type":"LIMIT","symbol":"AAPL","side":"BUY","price":268.57,"quantity":33}}
{"event_type":"order_sent","timestamp":"2026-05-19T11:26:56.3608215+05:30","order_sent":{"request_id":"ddb70757-edbc-4ebf-8fd6-e1244a996cb8","order_id":"","type":"LIMIT","symbol":"GOOG","side":"SELL","price":527.35,"quantity":43}}
{"event_type":"order_sent","timestamp":"2026-05-19T11:26:56.3608215+05:30","order_sent":{"request_id":"611fd201-8cc5-4bad-9359-af9e3135996c","order_id":"","type":"LIMIT","symbol":"AMZN","side":"SELL","price":261.54,"quantity":70}}
{"event_type":"order_sent","timestamp":"2026-05-19T11:26:56.3608215+05:30","order_sent":{"request_id":"a4f41ac8-fa81-4844-97fe-bc1258c9fdea","order_id":"","type":"LIMIT","symbol":"GOOG","side":"SELL","price":913.47,"quantity":73}}
{"event_type":"order_sent","timestamp":"2026-05-19T11:26:56.3608215+05:30","order_sent":{"request_id":"a52acbb8-900a-4337-b356-eafa08b631b4","order_id":"ord-3779425972290524864","type":"CANCEL","symbol":"","side":""}}
{"event_type":"order_sent","timestamp":"2026-05-19T11:26:56.3608215+05:30","order_sent":{"request_id":"5d219e7e-ae81-468b-bb7d-808d09e300aa","order_id":"ord-8871589511052424554","type":"CANCEL","symbol":"","side":""}}
{"event_type":"order_sent","timestamp":"2026-05-19T11:26:56.3608215+05:30","order_sent":{"request_id":"d7276d1a-0715-4515-8d7e-c304e60cc049","order_id":"","type":"LIMIT","symbol":"TSLA","side":"SELL","price":892.81,"quantity":9}}
{"event_type":"order_sent","timestamp":"2026-05-19T11:26:56.3608215+05:30","order_sent":{"request_id":"bf88b399-776b-42d4-b84e-10151bf1f0a1","order_id":"ord-5238938415309486723","type":"CANCEL","symbol":"","side":""}}
{"event_type":"order_sent","timestamp":"2026-05-19T11:26:56.3623439+05:30","order_sent":{"request_id":"22ee0da5-f6f5-4349-bdcf-941e9edca87f","order_id":"","type":"LIMIT","symbol":"MSFT","side":"SELL","price":325.37,"quantity":95}}
{"event_type":"order_sent","timestamp":"2026-05-19T11:26:56.3623439+05:30","order_sent":{"request_id":"fb716fed-5403-400d-8767-e0c5cf45739a","order_id":"ord-9138437868014693506","type":"CANCEL","symbol":"","side":""}}
{"event_type":"order_sent","timestamp":"2026-05-19T11:26:56.3623439+05:30","order_sent":{"request_id":"3a3b9b37-dbe7-4a60-ad11-0a729f397b2c","order_id":"ord-3402461200407536882","type":"CANCEL","symbol":"","side":""}}
{"event_type":"order_sent","timestamp":"2026-05-19T11:26:56.3623439+05:30","order_sent":{"request_id":"5b4514e8-1437-4548-82af-b148e3a136fa","order_id":"","type":"LIMIT","symbol":"GOOG","side":"BUY","price":887.2,"quantity":2}}
{"event_type":"order_sent","timestamp":"2026-05-19T11:26:56.3623439+05:30","order_sent":{"request_id":"a80f9402-dace-4374-b17c-09c5444ce750","order_id":"","type":"LIMIT","symbol":"TSLA","side":"SELL","price":385.07,"quantity":97}}
{"event_type":"order_sent","timestamp":"2026-05-19T11:26:56.3623439+05:30","order_sent":{"request_id":"57b3b7cd-f500-4b71-b648-827489389285","order_id":"","type":"MARKET","symbol":"AAPL","side":"SELL","quantity":38}}
{"event_type":"order_sent","timestamp":"2026-05-19T11:26:56.3623439+05:30","order_sent":{"request_id":"24a2a370-be1f-4fd7-925a-f01aaf105a34","order_id":"","type":"MARKET","symbol":"GOOG","side":"BUY","quantity":19}}
{"event_type":"order_sent","timestamp":"2026-05-19T11:26:56.3623439+05:30","order_sent":{"request_id":"432fcfbe-77ca-47f3-92ac-2d4abdfa9dde","order_id":"","type":"LIMIT","symbol":"GOOG","side":"SELL","price":583.68,"quantity":40}}
{"event_type":"order_sent","timestamp":"2026-05-19T11:26:56.3623439+05:30","order_sent":{"request_id":"9387f815-1d32-4b43-89db-6d68e4204c31","order_id":"","type":"MARKET","symbol":"TSLA","side":"SELL","quantity":34}}
{"event_type":"order_sent","timestamp":"2026-05-19T11:26:56.3623439+05:30","order_sent":{"request_id":"af84965c-2d09-445c-9579-994fca07396b","order_id":"","type":"LIMIT","symbol":"MSFT","side":"BUY","price":708.74,"quantity":21}}
{"event_type":"order_sent","timestamp":"2026-05-19T11:26:56.3633445+05:30","order_sent":{"request_id":"5a8d2cc4-e58f-4df5-b1e8-5dc2e9476488","order_id":"","type":"MARKET","symbol":"AAPL","side":"SELL","quantity":13}}
{"event_type":"order_sent","timestamp":"2026-05-19T11:26:56.3633445+05:30","order_sent":{"request_id":"95f52c85-2b0b-458d-a69a-bd9a3d5ee71b","order_id":"","type":"LIMIT","symbol":"AAPL","side":"SELL","price":926.29,"quantity":27}}
{"event_type":"order_sent","timestamp":"2026-05-19T11:26:56.3633445+05:30","order_sent":{"request_id":"5bc6efef-88fc-4b64-a351-d02c8516a91d","order_id":"","type":"LIMIT","symbol":"AMZN","side":"SELL","price":632.35,"quantity":46}}
{"event_type":"order_sent","timestamp":"2026-05-19T11:26:56.3633445+05:30","order_sent":{"request_id":"2abfe8bd-1fe7-425f-961f-229dee64f5db","order_id":"","type":"LIMIT","symbol":"GOOG","side":"SELL","price":455.62,"quantity":37}}
{"event_type":"order_sent","timestamp":"2026-05-19T11:26:56.3633445+05:30","order_sent":{"request_id":"d1f3fa25-0661-4729-85d5-67415ffa3497","order_id":"ord-2131004824939448948","type":"CANCEL","symbol":"","side":""}}
{"event_type":"order_sent","timestamp":"2026-05-19T11:26:56.3633445+05:30","order_sent":{"request_id":"c1a4ef79-b96d-43ae-bb0d-cc731750b275","order_id":"","type":"LIMIT","symbol":"AAPL","side":"BUY","price":521.49,"quantity":98}}
{"event_type":"order_sent","timestamp":"2026-05-19T11:26:56.3633445+05:30","order_sent":{"request_id":"76112e08-f557-4dac-816f-29fcabe0a2b8","order_id":"","type":"LIMIT","symbol":"TSLA","side":"SELL","price":264.03,"quantity":62}}
{"event_type":"order_sent","timestamp":"2026-05-19T11:26:56.3633445+05:30","order_sent":{"request_id":"fe01ed99-8a61-464f-8219-f4db18376303","order_id":"","type":"MARKET","symbol":"MSFT","side":"SELL","quantity":3}}
{"event_type":"order_sent","timestamp":"2026-05-19T11:26:56.3637072+05:30","order_sent":{"request_id":"1c60ed17-c8b8-4d5c-bff0-116e96a2925d","order_id":"","type":"MARKET","symbol":"TSLA","side":"BUY","quantity":32}}
{"event_type":"order_sent","timestamp":"2026-05-19T11:26:56.3637072+05:30","order_sent":{"request_id":"29d3a6cf-5960-4939-a172-648e696f4362","order_id":"ord-1505342255069529843","type":"CANCEL","symbol":"","side":""}}
{"event_type":"order_sent","timestamp":"2026-05-19T11:26:56.3637072+05:30","order_sent":{"request_id":"38b89437-5201-4804-a286-d79fa25462c2","order_id":"","type":"MARKET","symbol":"GOOG","side":"SELL","quantity":37}}
{"event_type":"order_sent","timestamp":"2026-05-19T11:26:56.3637072+05:30","order_sent":{"request_id":"22ebd5e9-d660-4e2d-b393-d752a15bcd06","order_id":"","type":"MARKET","symbol":"MSFT","side":"SELL","quantity":11}}
{"event_type":"order_sent","timestamp":"2026-05-19T11:26:56.3637072+05:30","order_sent":{"request_id":"8940aefc-60a5-4b8a-b3b6-97f015ae827a","order_id":"","type":"MARKET","symbol":"GOOG","side":"BUY","quantity":13}}
{"event_type":"order_sent","timestamp":"2026-05-19T11:26:56.3637072+05:30","order_sent":{"request_id":"466d1adb-5237-4b77-b256-4f897cb2de52","order_id":"","type":"MARKET","symbol":"GOOG","side":"BUY","quantity":3}}
{"event_type":"order_sent","timestamp":"2026-05-19T11:26:56.3637072+05:30","order_sent":{"request_id":"d622b22a-7214-44bd-a096-eef1fbcde2f8","order_id":"","type":"LIMIT","symbol":"AAPL","side":"BUY","price":319.52,"quantity":76}}
{"event_type":"order_sent","timestamp":"2026-05-19T11:26:56.3637072+05:30","order_sent":{"request_id":"6f7b64a3-ea12-4c11-8332-dfd55295ef85","order_id":"ord-2633041359963789636","type":"CANCEL","symbol":"","side":""}}
{"event_type":"order_sent","timestamp":"2026-05-19T11:26:56.3637072+05:30","order_sent":{"request_id":"4c2e35c5-16d8-4fe1-ac75-008b903816d6","order_id":"","type":"MARKET","symbol":"MSFT","side":"SELL","quantity":49}}
{"event_type":"order_sent","timestamp":"2026-05-19T11:26:56.3637072+05:30","order_sent":{"request_id":"204c20cb-c764-4cb7-90c4-9afdc600716c","order_id":"","type":"MARKET","symbol":"MSFT","side":"SELL","quantity":50}}
{"event_type":"order_sent","timestamp":"2026-05-19T11:26:56.3637072+05:30","order_sent":{"request_id":"84d83c31-2e02-4d2d-b064-0e8a42d21bc4","order_id":"","type":"LIMIT","symbol":"AAPL","side":"BUY","price":997.93,"quantity":84}}
{"event_type":"order_sent","timestamp":"2026-05-19T11:26:56.3637072+05:30","order_sent":{"request_id":"5cd339a7-9244-4863-9b54-e0cc12eef8c2","order_id":"","type":"MARKET","symbol":"AAPL","side":"BUY","quantity":12}}
{"event_type":"order_sent","timestamp":"2026-05-19T11:26:56.3637072+05:30","order_sent":{"request_id":"fd700f30-b49e-45ee-b72a-35324ffc0972","order_id":"","type":"LIMIT","symbol":"AAPL","side":"SELL","price":255.58,"quantity":67}}
{"event_type":"order_sent","timestamp":"2026-05-19T11:26:56.3637072+05:30","order_sent":{"request_id":"279c9c84-af06-4e9c-9a5d-d54de649aa8c","order_id":"","type":"MARKET","symbol":"MSFT","side":"SELL","quantity":23}}
{"event_type":"order_sent","timestamp":"2026-05-19T11:26:56.3637072+05:30","order_sent":{"request_id":"4227441b-1396-4883-9496-5d3fce35d6e3","order_id":"","type":"MARKET","symbol":"GOOG","side":"SELL","quantity":49}}
{"event_type":"order_acked","timestamp":"2026-05-19T11:26:56.3934549+05:30","order_acked":{"request_id":"81dc26a1-0918-40e8-a656-977f943ffeed","status_code":201}}
{"event_type":"order_acked","timestamp":"2026-05-19T11:26:56.414408+05:30","order_acked":{"request_id":"bf88b399-776b-42d4-b84e-10151bf1f0a1","status_code":200}}
{"event_type":"order_acked","timestamp":"2026-05-19T11:26:56.4162066+05:30","order_acked":{"request_id":"5d219e7e-ae81-468b-bb7d-808d09e300aa","status_code":200}}
{"event_type":"order_acked","timestamp":"2026-05-19T11:26:56.4173319+05:30","order_acked":{"request_id":"929c1d22-f82c-49cc-a2af-7d762ada592e","status_code":201}}
{"event_type":"execution_report","timestamp":"2026-05-19T11:26:56.4280086+05:30","execution":{"order_id":"8b117c19-d6cd-4475-8345-86a8581f9a28","symbol":"TSLA","side":"SELL","status":"filled","filled_qty":9,"leaves_qty":0,"price":892.81,"timestamp":"2026-05-19T05:56:56Z","match_id":"07b1b2e9-bc7b-4899-985e-3cae07ce1647"}}
{"event_type":"order_acked","timestamp":"2026-05-19T11:26:56.4309031+05:30","order_acked":{"request_id":"a59bc354-25e0-44d9-9857-782c4c817ac7","status_code":201}}
{"event_type":"order_acked","timestamp":"2026-05-19T11:26:56.4343975+05:30","order_acked":{"request_id":"d7276d1a-0715-4515-8d7e-c304e60cc049","status_code":201}}
{"event_type":"order_acked","timestamp":"2026-05-19T11:26:56.447751+05:30","order_acked":{"request_id":"e9bbb9fb-43be-4b35-954b-9dd6870302f0","status_code":200}}
{"event_type":"order_acked","timestamp":"2026-05-19T11:26:56.449055+05:30","order_acked":{"request_id":"a8608c6c-5581-4839-a06b-1d574d1d0f27","status_code":200}}
{"event_type":"execution_report","timestamp":"2026-05-19T11:26:56.452883+05:30","execution":{"order_id":"16694b2b-5946-422f-880a-48e453e8adbf","symbol":"AAPL","side":"BUY","status":"filled","filled_qty":64,"leaves_qty":0,"price":579.15,"timestamp":"2026-05-19T05:56:56Z","match_id":"347e0020-2960-418e-8588-c26a8af1bd0c"}}
{"event_type":"order_acked","timestamp":"2026-05-19T11:26:56.452883+05:30","order_acked":{"request_id":"78d4ddf9-8747-4ba8-93ee-908b8e62c753","status_code":201}}
{"event_type":"order_acked","timestamp":"2026-05-19T11:26:56.4573995+05:30","order_acked":{"request_id":"553e50ed-e395-44f1-89b0-b94a0027514a","status_code":201}}
{"event_type":"order_acked","timestamp":"2026-05-19T11:26:56.4798926+05:30","order_acked":{"request_id":"22ee0da5-f6f5-4349-bdcf-941e9edca87f","status_code":201}}
{"event_type":"execution_report","timestamp":"2026-05-19T11:26:56.4997827+05:30","execution":{"order_id":"a6ab7ce2-e9c0-49e3-a757-6dbbd5f0062a","symbol":"MSFT","side":"SELL","status":"filled","filled_qty":95,"leaves_qty":0,"price":325.37,"timestamp":"2026-05-19T05:56:56Z","match_id":"59e13dea-1738-4485-ac9b-96795c946b7c"}}
{"event_type":"order_acked","timestamp":"2026-05-19T11:26:56.5037928+05:30","order_acked":{"request_id":"fb716fed-5403-400d-8767-e0c5cf45739a","status_code":200}}
{"event_type":"order_acked","timestamp":"2026-05-19T11:26:56.5110903+05:30","order_acked":{"request_id":"eba31f04-73f2-45a9-86e4-37c2e5ac8a69","status_code":201}}
{"event_type":"order_acked","timestamp":"2026-05-19T11:26:56.5176125+05:30","order_acked":{"request_id":"d3a32cf9-3f81-4936-ad2c-39bfe1141c9b","status_code":200}}
{"event_type":"order_acked","timestamp":"2026-05-19T11:26:56.5272484+05:30","order_acked":{"request_id":"90b74332-d6bf-41ef-9db6-45872c2eddaf","status_code":201}}
{"event_type":"execution_report","timestamp":"2026-05-19T11:26:56.5272484+05:30","execution":{"order_id":"6dbc0180-89ee-42ef-b07d-342c4d2abe87","symbol":"AAPL","side":"SELL","status":"filled","filled_qty":32,"leaves_qty":0,"price":801.41,"timestamp":"2026-05-19T05:56:56Z","match_id":"f0ce2a6b-d81a-4014-8f58-39f4313ba7be"}}
{"event_type":"order_acked","timestamp":"2026-05-19T11:26:56.5289071+05:30","order_acked":{"request_id":"c18e8069-53bb-4d65-ba65-d8818c569c20","status_code":201}}
{"event_type":"execution_report","timestamp":"2026-05-19T11:26:56.5294467+05:30","execution":{"order_id":"1a6f6609-bb57-4147-816c-373bfb0756e0","symbol":"MSFT","side":"BUY","status":"filled","filled_qty":26,"leaves_qty":0,"price":623.4,"timestamp":"2026-05-19T05:56:56Z","match_id":"6f83a7b7-d169-43ac-bcf1-39b3fe2c82e3"}}
{"event_type":"order_acked","timestamp":"2026-05-19T11:26:56.5294467+05:30","order_acked":{"request_id":"15cb9237-62a2-48f4-91a2-410dbb505dd2","status_code":201}}
{"event_type":"execution_report","timestamp":"2026-05-19T11:26:56.5342776+05:30","execution":{"order_id":"21f8c3cc-f138-4bab-bc0a-098e5b8cecf2","symbol":"MSFT","side":"SELL","status":"filled","filled_qty":84,"leaves_qty":0,"price":269.4,"timestamp":"2026-05-19T05:56:56Z","match_id":"0fe73321-81ae-4db1-a864-96211c71dec5"}}
{"event_type":"execution_report","timestamp":"2026-05-19T11:26:56.5364216+05:30","execution":{"order_id":"bd1c69af-3ee9-46d5-a706-da500ea60de1","symbol":"GOOG","side":"SELL","status":"filled","filled_qty":43,"leaves_qty":0,"price":527.35,"timestamp":"2026-05-19T05:56:56Z","match_id":"75c9143d-429d-46e4-8111-6f8f948dd754"}}
{"event_type":"order_acked","timestamp":"2026-05-19T11:26:56.5426077+05:30","order_acked":{"request_id":"ddb70757-edbc-4ebf-8fd6-e1244a996cb8","status_code":201}}
{"event_type":"order_acked","timestamp":"2026-05-19T11:26:56.5446887+05:30","order_acked":{"request_id":"e12413e3-c407-4fc2-a07b-7bbf688a4b0c","status_code":201}}
{"event_type":"order_acked","timestamp":"2026-05-19T11:26:56.5474198+05:30","order_acked":{"request_id":"487e75f6-a2b7-4c09-87ef-317be350c766","status_code":201}}
{"event_type":"execution_report","timestamp":"2026-05-19T11:26:56.5502221+05:30","execution":{"order_id":"88b97651-a303-4cef-b091-91f8942253c5","symbol":"GOOG","side":"SELL","status":"filled","filled_qty":62,"leaves_qty":0,"price":240.45,"timestamp":"2026-05-19T05:56:56Z","match_id":"92886e24-1dc2-480c-9050-40cf23ff80cf"}}
{"event_type":"order_acked","timestamp":"2026-05-19T11:26:56.5532358+05:30","order_acked":{"request_id":"9ff3fac1-85e2-4572-8e16-638726837b71","status_code":201}}
{"event_type":"execution_report","timestamp":"2026-05-19T11:26:56.5548703+05:30","execution":{"order_id":"68fc6c84-98b7-443a-969f-46de23c160c0","symbol":"GOOG","side":"SELL","status":"filled","filled_qty":69,"leaves_qty":0,"price":419.37,"timestamp":"2026-05-19T05:56:56Z","match_id":"b6ff5e85-89e4-4f11-9216-caae74b29ab9"}}
{"event_type":"order_acked","timestamp":"2026-05-19T11:26:56.5622316+05:30","order_acked":{"request_id":"f3cee1b2-7c8e-44e6-9942-05decf1b23e3","status_code":201}}
{"event_type":"order_acked","timestamp":"2026-05-19T11:26:56.5648618+05:30","order_acked":{"request_id":"87af514b-5e6c-4d4c-9185-e42d5e0872d8","status_code":201}}
{"event_type":"order_acked","timestamp":"2026-05-19T11:26:56.5648618+05:30","order_acked":{"request_id":"226c37f9-4b1d-4b92-b8e5-3f792547bd89","status_code":201}}
{"event_type":"execution_report","timestamp":"2026-05-19T11:26:56.5654243+05:30","execution":{"order_id":"31ec82d6-c22c-40ca-bdb7-b8b651014e13","symbol":"MSFT","side":"SELL","status":"filled","filled_qty":71,"leaves_qty":0,"price":949.52,"timestamp":"2026-05-19T05:56:56Z","match_id":"c910df45-6cfc-430d-978c-67972c51e7ce"}}
{"event_type":"execution_report","timestamp":"2026-05-19T11:26:56.5659816+05:30","execution":{"order_id":"e9db54da-8966-4555-8542-b873830196fd","symbol":"MSFT","side":"SELL","status":"filled","filled_qty":39,"leaves_qty":0,"price":743.76,"timestamp":"2026-05-19T05:56:56Z","match_id":"c4f20230-3a85-4f0d-a73d-1e7ddb3c953a"}}
{"event_type":"order_acked","timestamp":"2026-05-19T11:26:56.5699313+05:30","order_acked":{"request_id":"f5cd430d-91d7-4bbe-a62c-636f5fea870f","status_code":201}}
{"event_type":"order_acked","timestamp":"2026-05-19T11:26:56.5726497+05:30","order_acked":{"request_id":"cf56fc2c-3b0d-4625-ad34-e72d0fc5dc25","status_code":200}}
{"event_type":"order_acked","timestamp":"2026-05-19T11:26:56.5818896+05:30","order_acked":{"request_id":"4227441b-1396-4883-9496-5d3fce35d6e3","status_code":201}}
{"event_type":"order_acked","timestamp":"2026-05-19T11:26:56.5872808+05:30","order_acked":{"request_id":"9f049ed9-e04d-4f6b-b61b-3546587e4ee5","status_code":201}}
{"event_type":"execution_report","timestamp":"2026-05-19T11:26:56.5911987+05:30","execution":{"order_id":"d5b0a7c1-d295-4757-aca5-104eb8a1f1c6","symbol":"TSLA","side":"BUY","status":"filled","filled_qty":11,"leaves_qty":0,"price":716.79,"timestamp":"2026-05-19T05:56:56Z","match_id":"44696c4a-1d63-4eb7-90ef-d9228a90ebaa"}}
{"event_type":"order_acked","timestamp":"2026-05-19T11:26:56.6041872+05:30","order_acked":{"request_id":"d71076a8-2351-48dc-9d3a-977302579627","status_code":201}}
{"event_type":"execution_report","timestamp":"2026-05-19T11:26:56.605366+05:30","execution":{"order_id":"fc7b8f46-6b75-4944-9d66-9efb9f61ae9b","symbol":"AAPL","side":"SELL","status":"filled","filled_qty":66,"leaves_qty":0,"price":553.37,"timestamp":"2026-05-19T05:56:56Z","match_id":"25827ede-b382-4c32-9e99-b6003a1fbc95"}}
{"event_type":"order_acked","timestamp":"2026-05-19T11:26:56.6079202+05:30","order_acked":{"request_id":"44709f7f-f614-42da-960b-6eeb7ceaef67","status_code":201}}
{"event_type":"execution_report","timestamp":"2026-05-19T11:26:56.6108113+05:30","execution":{"order_id":"65a0edad-9588-4c8d-a7e0-40a05da6a957","symbol":"AAPL","side":"BUY","status":"filled","filled_qty":48,"leaves_qty":0,"price":180.43,"timestamp":"2026-05-19T05:56:56Z","match_id":"1db22bbe-c83d-4987-89cb-7b069ef47c4f"}}
{"event_type":"order_acked","timestamp":"2026-05-19T11:26:56.6108113+05:30","order_acked":{"request_id":"a4f41ac8-fa81-4844-97fe-bc1258c9fdea","status_code":201}}
{"event_type":"order_acked","timestamp":"2026-05-19T11:26:56.6124519+05:30","order_acked":{"request_id":"21315cb1-6164-461f-822c-f0b9eee23827","status_code":200}}
{"event_type":"order_acked","timestamp":"2026-05-19T11:26:56.6146317+05:30","order_acked":{"request_id":"611fd201-8cc5-4bad-9359-af9e3135996c","status_code":201}}
{"event_type":"order_acked","timestamp":"2026-05-19T11:26:56.6232552+05:30","order_acked":{"request_id":"c1967aa2-88af-4c2d-ab9c-21b0fd932067","status_code":201}}
{"event_type":"execution_report","timestamp":"2026-05-19T11:26:56.6243251+05:30","execution":{"order_id":"ff909686-30a4-4a8f-ae3a-426def9fd54b","symbol":"AMZN","side":"SELL","status":"filled","filled_qty":70,"leaves_qty":0,"price":261.54,"timestamp":"2026-05-19T05:56:56Z","match_id":"78d5ac7c-e3e8-4cde-a9b4-9742e78c18f2"}}
{"event_type":"execution_report","timestamp":"2026-05-19T11:26:56.6249326+05:30","execution":{"order_id":"4bc63f6e-0260-4953-8997-69240c2062f4","symbol":"GOOG","side":"SELL","status":"filled","filled_qty":73,"leaves_qty":0,"price":913.47,"timestamp":"2026-05-19T05:56:56Z","match_id":"41edf252-4fba-4317-8533-46d64b8073f6"}}
{"event_type":"order_acked","timestamp":"2026-05-19T11:26:56.628794+05:30","order_acked":{"request_id":"8f816629-a09a-49df-9007-17a6b2695711","status_code":201}}
{"event_type":"order_acked","timestamp":"2026-05-19T11:26:56.6443233+05:30","order_acked":{"request_id":"7c19aede-bcb5-43c7-bf4d-f705f946cc9d","status_code":201}}
{"event_type":"order_acked","timestamp":"2026-05-19T11:26:56.6448668+05:30","order_acked":{"request_id":"1794b9ab-4271-4acf-8b97-71fec6e3c63d","status_code":201}}
{"event_type":"order_acked","timestamp":"2026-05-19T11:26:56.6458777+05:30","order_acked":{"request_id":"a52acbb8-900a-4337-b356-eafa08b631b4","status_code":200}}
{"event_type":"order_acked","timestamp":"2026-05-19T11:26:56.6475032+05:30","order_acked":{"request_id":"3a3b9b37-dbe7-4a60-ad11-0a729f397b2c","status_code":200}}
{"event_type":"execution_report","timestamp":"2026-05-19T11:26:56.6493267+05:30","execution":{"order_id":"dad8b64b-5142-4f4e-bef9-b0aa2a2bb17a","symbol":"TSLA","side":"BUY","status":"filled","filled_qty":93,"leaves_qty":0,"price":485.44,"timestamp":"2026-05-19T05:56:56Z","match_id":"42101202-eab3-45f8-a188-0ab59a83e282"}}
{"event_type":"order_acked","timestamp":"2026-05-19T11:26:56.6515314+05:30","order_acked":{"request_id":"4f74a79b-252b-4fe0-8092-56b75710fd66","status_code":201}}
{"event_type":"order_acked","timestamp":"2026-05-19T11:26:56.6553552+05:30","order_acked":{"request_id":"75ed6d3b-737f-4a63-b917-e8c75203c5c4","status_code":201}}
{"event_type":"execution_report","timestamp":"2026-05-19T11:26:56.6563778+05:30","execution":{"order_id":"9e23c250-9feb-473b-a52f-067c292534b4","symbol":"AMZN","side":"SELL","status":"filled","filled_qty":20,"leaves_qty":0,"price":431.61,"timestamp":"2026-05-19T05:56:56Z","match_id":"e385d261-7927-4775-838d-b880667c2f2a"}}
{"event_type":"order_acked","timestamp":"2026-05-19T11:26:56.6601873+05:30","order_acked":{"request_id":"669f1d8c-b28f-47d0-a5f9-597d4a3f333b","status_code":200}}
{"event_type":"order_acked","timestamp":"2026-05-19T11:26:56.6629316+05:30","order_acked":{"request_id":"7891b0a5-c3e2-4f21-8dd5-3f677468b054","status_code":201}}
{"event_type":"order_acked","timestamp":"2026-05-19T11:26:56.6690545+05:30","order_acked":{"request_id":"0f6b83d4-2969-44ea-bd06-cd6946d62253","status_code":200}}
{"event_type":"order_acked","timestamp":"2026-05-19T11:26:56.6717739+05:30","order_acked":{"request_id":"8bc94c9b-3f0f-4dec-8d70-16123419f984","status_code":200}}
{"event_type":"execution_report","timestamp":"2026-05-19T11:26:56.6717739+05:30","execution":{"order_id":"999e5818-1b9f-46d0-9827-7e715dd8025f","symbol":"AAPL","side":"BUY","status":"filled","filled_qty":33,"leaves_qty":0,"price":268.57,"timestamp":"2026-05-19T05:56:56Z","match_id":"f9c79a24-cb3e-480b-972b-9fc12dc55f81"}}
{"event_type":"order_acked","timestamp":"2026-05-19T11:26:56.6755664+05:30","order_acked":{"request_id":"ba806ed9-289b-4836-b6d5-6952bab11794","status_code":201}}
{"event_type":"execution_report","timestamp":"2026-05-19T11:26:56.6772355+05:30","execution":{"order_id":"448542b9-ef83-4cd7-8ab7-a9af73946007","symbol":"AMZN","side":"SELL","status":"filled","filled_qty":48,"leaves_qty":0,"price":232.3,"timestamp":"2026-05-19T05:56:56Z","match_id":"1f0eced6-5979-4845-a1a4-fb7ce2a9aed1"}}
{"event_type":"order_acked","timestamp":"2026-05-19T11:26:56.6816173+05:30","order_acked":{"request_id":"5b4514e8-1437-4548-82af-b148e3a136fa","status_code":201}}
{"event_type":"execution_report","timestamp":"2026-05-19T11:26:56.685461+05:30","execution":{"order_id":"4a55eba9-b6ce-4300-9f9f-66bfcab3488a","symbol":"GOOG","side":"BUY","status":"filled","filled_qty":2,"leaves_qty":0,"price":887.2,"timestamp":"2026-05-19T05:56:56Z","match_id":"42919be7-75a6-4ad8-a521-ce00a662bea4"}}
{"event_type":"order_acked","timestamp":"2026-05-19T11:26:56.6881008+05:30","order_acked":{"request_id":"6fac7c20-25a9-49e4-8463-b34f2ae7b131","status_code":201}}
{"event_type":"order_acked","timestamp":"2026-05-19T11:26:56.6897688+05:30","order_acked":{"request_id":"bba472db-1c8e-4c2f-84e8-aecc46659301","status_code":200}}
{"event_type":"order_acked","timestamp":"2026-05-19T11:26:56.6931425+05:30","order_acked":{"request_id":"a80f9402-dace-4374-b17c-09c5444ce750","status_code":201}}
{"event_type":"execution_report","timestamp":"2026-05-19T11:26:56.6947693+05:30","execution":{"order_id":"35772f93-f6ee-4799-8e89-3702e5c2de0c","symbol":"GOOG","side":"SELL","status":"filled","filled_qty":67,"leaves_qty":0,"price":435.66,"timestamp":"2026-05-19T05:56:56Z","match_id":"386a1adb-7f7d-4c7b-b58e-f33ba2bc57c0"}}
{"event_type":"order_acked","timestamp":"2026-05-19T11:26:56.6994572+05:30","order_acked":{"request_id":"57b3b7cd-f500-4b71-b648-827489389285","status_code":201}}
{"event_type":"execution_report","timestamp":"2026-05-19T11:26:56.7016979+05:30","execution":{"order_id":"57a7201a-b23f-4226-8c4a-beeaad0e121e","symbol":"TSLA","side":"SELL","status":"filled","filled_qty":97,"leaves_qty":0,"price":385.07,"timestamp":"2026-05-19T05:56:56Z","match_id":"b9d4aa08-7b97-49db-8d1c-80e4ec2430de"}}
{"event_type":"order_acked","timestamp":"2026-05-19T11:26:56.7049128+05:30","order_acked":{"request_id":"24a2a370-be1f-4fd7-925a-f01aaf105a34","status_code":201}}
{"event_type":"order_acked","timestamp":"2026-05-19T11:26:56.7102062+05:30","order_acked":{"request_id":"f2b8b280-3985-4818-b629-239b2c5e362f","status_code":200}}
{"event_type":"order_acked","timestamp":"2026-05-19T11:26:56.7148812+05:30","order_acked":{"request_id":"432fcfbe-77ca-47f3-92ac-2d4abdfa9dde","status_code":201}}
{"event_type":"order_acked","timestamp":"2026-05-19T11:26:56.7182138+05:30","order_acked":{"request_id":"af84965c-2d09-445c-9579-994fca07396b","status_code":201}}
{"event_type":"order_acked","timestamp":"2026-05-19T11:26:56.7221442+05:30","order_acked":{"request_id":"9387f815-1d32-4b43-89db-6d68e4204c31","status_code":201}}
{"event_type":"execution_report","timestamp":"2026-05-19T11:26:56.7226739+05:30","execution":{"order_id":"f26b9fe8-6a3e-4324-9e68-ee79efa97ee2","symbol":"GOOG","side":"SELL","status":"filled","filled_qty":40,"leaves_qty":0,"price":583.68,"timestamp":"2026-05-19T05:56:56Z","match_id":"9e24e51f-239a-4375-bc71-1e163ac31cfe"}}
{"event_type":"execution_report","timestamp":"2026-05-19T11:26:56.7233767+05:30","execution":{"order_id":"2ed525fc-740f-444d-8d04-83033eefc3ef","symbol":"MSFT","side":"BUY","status":"filled","filled_qty":21,"leaves_qty":0,"price":708.74,"timestamp":"2026-05-19T05:56:56Z","match_id":"f9598d44-0897-4230-8587-d9cb6a289380"}}
{"event_type":"order_acked","timestamp":"2026-05-19T11:26:56.7289769+05:30","order_acked":{"request_id":"5bc6efef-88fc-4b64-a351-d02c8516a91d","status_code":201}}
{"event_type":"order_acked","timestamp":"2026-05-19T11:26:56.7311598+05:30","order_acked":{"request_id":"1ee327f2-a01b-4395-b7e0-45beb7d6e510","status_code":201}}
{"event_type":"execution_report","timestamp":"2026-05-19T11:26:56.7327837+05:30","execution":{"order_id":"54554572-4845-4038-8b38-b044d2269670","symbol":"AMZN","side":"SELL","status":"filled","filled_qty":46,"leaves_qty":0,"price":632.35,"timestamp":"2026-05-19T05:56:56Z","match_id":"8f770398-2168-4c45-b366-fafc813c1dfe"}}
{"event_type":"order_acked","timestamp":"2026-05-19T11:26:56.7355783+05:30","order_acked":{"request_id":"95f52c85-2b0b-458d-a69a-bd9a3d5ee71b","status_code":201}}
{"event_type":"execution_report","timestamp":"2026-05-19T11:26:56.7410225+05:30","execution":{"order_id":"cb95abcf-a26c-4c27-af48-2d29756fb991","symbol":"AAPL","side":"SELL","status":"filled","filled_qty":27,"leaves_qty":0,"price":926.29,"timestamp":"2026-05-19T05:56:56Z","match_id":"064cdd71-5b86-43d0-a15d-1e0a0ac1ae81"}}
{"event_type":"order_acked","timestamp":"2026-05-19T11:26:56.7427796+05:30","order_acked":{"request_id":"27b98f14-d846-44ed-b015-cbb5ac7229c4","status_code":200}}
{"event_type":"order_acked","timestamp":"2026-05-19T11:26:56.7450158+05:30","order_acked":{"request_id":"d5ce00ab-2bdc-4be4-8422-d6b87832c5fc","status_code":201}}
{"event_type":"execution_report","timestamp":"2026-05-19T11:26:56.7522572+05:30","execution":{"order_id":"6b66b887-1be5-4cad-aa5a-3600b7525666","symbol":"TSLA","side":"SELL","status":"filled","filled_qty":11,"leaves_qty":0,"price":102.16,"timestamp":"2026-05-19T05:56:56Z","match_id":"5ceb5829-5aa5-4ee6-b761-bd47c3de621c"}}
{"event_type":"order_acked","timestamp":"2026-05-19T11:26:56.7555093+05:30","order_acked":{"request_id":"5a8d2cc4-e58f-4df5-b1e8-5dc2e9476488","status_code":201}}
{"event_type":"order_acked","timestamp":"2026-05-19T11:26:56.757364+05:30","order_acked":{"request_id":"2abfe8bd-1fe7-425f-961f-229dee64f5db","status_code":201}}
{"event_type":"order_acked","timestamp":"2026-05-19T11:26:56.7606449+05:30","order_acked":{"request_id":"fe01ed99-8a61-464f-8219-f4db18376303","status_code":201}}
{"event_type":"order_acked","timestamp":"2026-05-19T11:26:56.7632457+05:30","order_acked":{"request_id":"03f4e20d-847b-4a15-85cb-262193d51d38","status_code":201}}
{"event_type":"execution_report","timestamp":"2026-05-19T11:26:56.7643332+05:30","execution":{"order_id":"6daf1746-869d-47dd-9544-2d433e8f9b38","symbol":"GOOG","side":"SELL","status":"filled","filled_qty":37,"leaves_qty":0,"price":455.62,"timestamp":"2026-05-19T05:56:56Z","match_id":"5f601120-abb5-4909-874c-d31f97903228"}}
{"event_type":"order_acked","timestamp":"2026-05-19T11:26:56.7659945+05:30","order_acked":{"request_id":"92d7803d-af8b-41c2-ac09-52e470bd668f","status_code":200}}
{"event_type":"order_acked","timestamp":"2026-05-19T11:26:56.7724865+05:30","order_acked":{"request_id":"1c60ed17-c8b8-4d5c-bff0-116e96a2925d","status_code":201}}
{"event_type":"order_acked","timestamp":"2026-05-19T11:26:56.7752752+05:30","order_acked":{"request_id":"3f461044-6c62-403d-9c86-07ea9de6e335","status_code":200}}
{"event_type":"order_acked","timestamp":"2026-05-19T11:26:56.7758204+05:30","order_acked":{"request_id":"601b81ef-f77d-4c26-a16e-3da3bdca2599","status_code":201}}
{"event_type":"order_acked","timestamp":"2026-05-19T11:26:56.7769169+05:30","order_acked":{"request_id":"76112e08-f557-4dac-816f-29fcabe0a2b8","status_code":201}}
{"event_type":"execution_report","timestamp":"2026-05-19T11:26:56.7799272+05:30","execution":{"order_id":"cfe6ac59-4552-4d83-a926-db9d5fc02914","symbol":"AMZN","side":"SELL","status":"filled","filled_qty":51,"leaves_qty":0,"price":885,"timestamp":"2026-05-19T05:56:56Z","match_id":"6044a55d-0b64-4942-8db9-543abc721b0f"}}
{"event_type":"order_acked","timestamp":"2026-05-19T11:26:56.7842842+05:30","order_acked":{"request_id":"29d3a6cf-5960-4939-a172-648e696f4362","status_code":200}}
{"event_type":"execution_report","timestamp":"2026-05-19T11:26:56.7864828+05:30","execution":{"order_id":"3c3245f6-b153-46b5-be34-356dcf55bf84","symbol":"TSLA","side":"SELL","status":"filled","filled_qty":62,"leaves_qty":0,"price":264.03,"timestamp":"2026-05-19T05:56:56Z","match_id":"5254198d-f220-4bfb-b6b2-e4642a08ce64"}}
{"event_type":"order_acked","timestamp":"2026-05-19T11:26:56.7875719+05:30","order_acked":{"request_id":"1100f11f-513a-4df2-b903-063c4eb66943","status_code":201}}
{"event_type":"order_acked","timestamp":"2026-05-19T11:26:56.7892604+05:30","order_acked":{"request_id":"d1f3fa25-0661-4729-85d5-67415ffa3497","status_code":200}}
{"event_type":"order_acked","timestamp":"2026-05-19T11:26:56.7903653+05:30","order_acked":{"request_id":"9a9bbe29-c7a3-4b62-80db-b01ada1d0399","status_code":201}}
{"event_type":"order_acked","timestamp":"2026-05-19T11:26:56.7919725+05:30","order_acked":{"request_id":"8940aefc-60a5-4b8a-b3b6-97f015ae827a","status_code":201}}
{"event_type":"execution_report","timestamp":"2026-05-19T11:26:56.7930665+05:30","execution":{"order_id":"b9e07309-74c1-4407-abe6-1ae9c53a9784","symbol":"TSLA","side":"SELL","status":"filled","filled_qty":16,"leaves_qty":0,"price":941.25,"timestamp":"2026-05-19T05:56:56Z","match_id":"5c93a4a9-6fe3-40c6-8b19-939696f501f0"}}
{"event_type":"order_acked","timestamp":"2026-05-19T11:26:56.7952404+05:30","order_acked":{"request_id":"22ebd5e9-d660-4e2d-b393-d752a15bcd06","status_code":201}}
{"event_type":"execution_report","timestamp":"2026-05-19T11:26:56.7969193+05:30","execution":{"order_id":"82d26382-7423-42b9-b2c8-4a368d7070cc","symbol":"MSFT","side":"BUY","status":"filled","filled_qty":65,"leaves_qty":0,"price":427.27,"timestamp":"2026-05-19T05:56:56Z","match_id":"48fb6fe8-7d0a-47d4-add2-06060180290b"}}
{"event_type":"order_acked","timestamp":"2026-05-19T11:26:56.8013235+05:30","order_acked":{"request_id":"6f7b64a3-ea12-4c11-8332-dfd55295ef85","status_code":200}}
{"event_type":"order_acked","timestamp":"2026-05-19T11:26:56.8041889+05:30","order_acked":{"request_id":"38b89437-5201-4804-a286-d79fa25462c2","status_code":201}}
{"event_type":"order_acked","timestamp":"2026-05-19T11:26:56.8052677+05:30","order_acked":{"request_id":"c1a4ef79-b96d-43ae-bb0d-cc731750b275","status_code":201}}
{"event_type":"order_acked","timestamp":"2026-05-19T11:26:56.808032+05:30","order_acked":{"request_id":"5cd339a7-9244-4863-9b54-e0cc12eef8c2","status_code":201}}
{"event_type":"order_acked","timestamp":"2026-05-19T11:26:56.8102108+05:30","order_acked":{"request_id":"4c2e35c5-16d8-4fe1-ac75-008b903816d6","status_code":201}}
{"event_type":"execution_report","timestamp":"2026-05-19T11:26:56.8139691+05:30","execution":{"order_id":"97f3b24e-823b-4b95-b749-2526c2255ca0","symbol":"AAPL","side":"BUY","status":"filled","filled_qty":98,"leaves_qty":0,"price":521.49,"timestamp":"2026-05-19T05:56:56Z","match_id":"2dd5cf6d-2eb5-4be6-b7d5-d1a7111c5033"}}
{"event_type":"order_acked","timestamp":"2026-05-19T11:26:56.815575+05:30","order_acked":{"request_id":"204c20cb-c764-4cb7-90c4-9afdc600716c","status_code":201}}
{"event_type":"order_acked","timestamp":"2026-05-19T11:26:56.8200516+05:30","order_acked":{"request_id":"a4586ab9-f728-4c28-8e72-dfbd98238b15","status_code":201}}
{"event_type":"order_acked","timestamp":"2026-05-19T11:26:56.8229446+05:30","order_acked":{"request_id":"279c9c84-af06-4e9c-9a5d-d54de649aa8c","status_code":201}}
{"event_type":"order_acked","timestamp":"2026-05-19T11:26:56.8239569+05:30","order_acked":{"request_id":"84d83c31-2e02-4d2d-b064-0e8a42d21bc4","status_code":201}}
{"event_type":"execution_report","timestamp":"2026-05-19T11:26:56.8288378+05:30","execution":{"order_id":"0a3d1a2e-6ac6-440c-b586-bcf3ba1171bc","symbol":"AAPL","side":"BUY","status":"filled","filled_qty":84,"leaves_qty":0,"price":997.93,"timestamp":"2026-05-19T05:56:56Z","match_id":"32f3912f-4ca3-4264-bd77-8ab6c224d85a"}}
{"event_type":"execution_report","timestamp":"2026-05-19T11:26:56.8321331+05:30","execution":{"order_id":"116a1866-d216-480d-a4c5-97253857b607","symbol":"MSFT","side":"SELL","status":"filled","filled_qty":32,"leaves_qty":0,"price":624.03,"timestamp":"2026-05-19T05:56:56Z","match_id":"7a592126-c16f-4f5b-b6a4-7efd52f73314"}}
{"event_type":"order_acked","timestamp":"2026-05-19T11:26:56.835443+05:30","order_acked":{"request_id":"466d1adb-5237-4b77-b256-4f897cb2de52","status_code":201}}
{"event_type":"order_acked","timestamp":"2026-05-19T11:26:56.835443+05:30","order_acked":{"request_id":"1d4924f8-9990-440a-876b-d7bd39934cbb","status_code":201}}
{"event_type":"order_acked","timestamp":"2026-05-19T11:26:56.8371375+05:30","order_acked":{"request_id":"81d18c3a-dbe2-43f2-8c18-78ca8924d1e1","status_code":200}}
{"event_type":"order_acked","timestamp":"2026-05-19T11:26:56.8382452+05:30","order_acked":{"request_id":"d622b22a-7214-44bd-a096-eef1fbcde2f8","status_code":201}}
{"event_type":"order_acked","timestamp":"2026-05-19T11:26:56.8437453+05:30","order_acked":{"request_id":"0a999026-8357-48b9-8e68-88afdd34aef1","status_code":201}}
{"event_type":"execution_report","timestamp":"2026-05-19T11:26:56.8454927+05:30","execution":{"order_id":"69df30bc-37f2-4108-a17b-3656d4b90a07","symbol":"AAPL","side":"BUY","status":"filled","filled_qty":76,"leaves_qty":0,"price":319.52,"timestamp":"2026-05-19T05:56:56Z","match_id":"2d0012e4-3215-4625-87a0-24a240cb397f"}}
{"event_type":"order_acked","timestamp":"2026-05-19T11:26:56.8483793+05:30","order_acked":{"request_id":"e23a4a2c-dd64-480f-9bdc-5a639a0cf370","status_code":201}}
{"event_type":"order_acked","timestamp":"2026-05-19T11:26:56.8494695+05:30","order_acked":{"request_id":"cd82448f-92d3-4cf5-87fd-80b618e86fed","status_code":201}}
{"event_type":"order_acked","timestamp":"2026-05-19T11:26:56.852888+05:30","order_acked":{"request_id":"fd700f30-b49e-45ee-b72a-35324ffc0972","status_code":201}}
{"event_type":"execution_report","timestamp":"2026-05-19T11:26:56.8536287+05:30","execution":{"order_id":"4b32c68c-6d13-4d07-9828-e348e8f2af43","symbol":"GOOG","side":"BUY","status":"filled","filled_qty":33,"leaves_qty":0,"price":633.18,"timestamp":"2026-05-19T05:56:56Z","match_id":"fc348c8b-a474-4db5-b8fe-20abcdea5f7d"}}
{"event_type":"execution_report","timestamp":"2026-05-19T11:26:56.8536287+05:30","execution":{"order_id":"8217f41b-f8a8-449d-941e-0bec218f7218","symbol":"AMZN","side":"SELL","status":"filled","filled_qty":14,"leaves_qty":0,"price":480.92,"timestamp":"2026-05-19T05:56:56Z","match_id":"aec7ff15-38b4-4bf6-82f9-05aac628fb7c"}}
{"event_type":"order_acked","timestamp":"2026-05-19T11:26:56.8559409+05:30","order_acked":{"request_id":"c553b7fa-a562-474d-bd63-fb02ddaa37e1","status_code":201}}
{"event_type":"execution_report","timestamp":"2026-05-19T11:26:56.8572269+05:30","execution":{"order_id":"9afe3de4-8702-4c6e-8efe-96c2e9e23005","symbol":"AAPL","side":"SELL","status":"filled","filled_qty":67,"leaves_qty":0,"price":255.58,"timestamp":"2026-05-19T05:56:56Z","match_id":"fec467cc-600d-4973-a3aa-26b8f85f057b"}}
{"event_type":"order_acked","timestamp":"2026-05-19T11:26:56.8604803+05:30","order_acked":{"request_id":"9befe09a-c8c4-4e10-9438-1d1968aed1fb","status_code":201}}
{"event_type":"order_acked","timestamp":"2026-05-19T11:26:56.8626639+05:30","order_acked":{"request_id":"d605d0b6-2f81-43d3-9e76-99cd0930a8a9","status_code":200}}
{"event_type":"order_acked","timestamp":"2026-05-19T11:26:56.8657867+05:30","order_acked":{"request_id":"e0d4a121-ecd0-45bd-bde3-89bff7d3ad7c","status_code":201}}
{"event_type":"execution_report","timestamp":"2026-05-19T11:26:56.8715569+05:30","execution":{"order_id":"e7915799-b90d-40ef-89af-88fcc04cdb92","symbol":"AAPL","side":"BUY","status":"filled","filled_qty":43,"leaves_qty":0,"price":555.97,"timestamp":"2026-05-19T05:56:56Z","match_id":"ec096828-1c14-49c2-897a-c6db9d21c68b"}}
{"event_type":"order_acked","timestamp":"2026-05-19T11:26:56.8748577+05:30","order_acked":{"request_id":"90f0cc72-ff25-4558-97a5-76906d889c80","status_code":201}}
{"event_type":"order_acked","timestamp":"2026-05-19T11:26:56.8765122+05:30","order_acked":{"request_id":"44d576af-53b3-4859-8532-3bdb8c93e0fa","status_code":201}}
{"event_type":"order_acked","timestamp":"2026-05-19T11:26:56.8776495+05:30","order_acked":{"request_id":"bde422d2-1dc7-4046-a6c5-ffd37d5209d0","status_code":201}}
{"event_type":"execution_report","timestamp":"2026-05-19T11:26:56.8836274+05:30","execution":{"order_id":"14e99fbd-92eb-40eb-a916-9965f2ebd824","symbol":"GOOG","side":"SELL","status":"filled","filled_qty":9,"leaves_qty":0,"price":733.38,"timestamp":"2026-05-19T05:56:56Z","match_id":"ab6107b1-be49-4589-8043-cfe45e9447b9"}}
{"event_type":"execution_report","timestamp":"2026-05-19T11:26:56.8836274+05:30","execution":{"order_id":"610fd999-6de3-4d2f-b0cf-5b5e40c0e218","symbol":"MSFT","side":"SELL","status":"filled","filled_qty":3,"leaves_qty":0,"price":407.55,"timestamp":"2026-05-19T05:56:56Z","match_id":"fe2d7872-e59c-4951-9ead-cf39117f3587"}}
{"event_type":"order_sent","timestamp":"2026-05-19T11:26:58.3482617+05:30","order_sent":{"request_id":"72e52262-0ad4-4903-835a-2f9def3e31b1","order_id":"","type":"MARKET","symbol":"AMZN","side":"BUY","quantity":48}}
{"event_type":"order_sent","timestamp":"2026-05-19T11:26:58.3482617+05:30","order_sent":{"request_id":"d511850d-7195-4a14-8f95-a60e8c86ffdb","order_id":"","type":"MARKET","symbol":"MSFT","side":"BUY","quantity":23}}
{"event_type":"order_sent","timestamp":"2026-05-19T11:26:58.3482617+05:30","order_sent":{"request_id":"b2014df2-8e92-44a6-a32c-b02c386463be","order_id":"","type":"LIMIT","symbol":"GOOG","side":"BUY","price":489.8,"quantity":65}}
{"event_type":"order_sent","timestamp":"2026-05-19T11:26:58.3482617+05:30","order_sent":{"request_id":"f6bb7f56-4252-41e8-8c31-eaaccc80f940","order_id":"","type":"LIMIT","symbol":"AMZN","side":"SELL","price":681,"quantity":72}}
{"event_type":"order_sent","timestamp":"2026-05-19T11:26:58.3482617+05:30","order_sent":{"request_id":"da877317-a891-47b9-8f1b-7a87bd95803f","order_id":"","type":"LIMIT","symbol":"AAPL","side":"BUY","price":804.46,"quantity":61}}
{"event_type":"order_sent","timestamp":"2026-05-19T11:26:58.3482617+05:30","order_sent":{"request_id":"85a43084-23d6-4fdf-84a9-242f28d18d1e","order_id":"","type":"LIMIT","symbol":"MSFT","side":"BUY","price":834.89,"quantity":65}}
{"event_type":"order_sent","timestamp":"2026-05-19T11:26:58.3482617+05:30","order_sent":{"request_id":"5d30133a-38e7-440a-9f34-ca75b4370f84","order_id":"","type":"LIMIT","symbol":"AAPL","side":"BUY","price":301.73,"quantity":72}}
{"event_type":"order_sent","timestamp":"2026-05-19T11:26:58.3482617+05:30","order_sent":{"request_id":"d632945c-9ce4-4a22-bfa8-fef7c93a845b","order_id":"","type":"MARKET","symbol":"MSFT","side":"BUY","quantity":42}}
{"event_type":"order_sent","timestamp":"2026-05-19T11:26:58.3482617+05:30","order_sent":{"request_id":"2b8c6635-191f-4cc8-a324-1f7e9bd8cb97","order_id":"","type":"MARKET","symbol":"TSLA","side":"SELL","quantity":47}}
{"event_type":"order_sent","timestamp":"2026-05-19T11:26:58.3482617+05:30","order_sent":{"request_id":"427ef216-e673-46cb-9ad6-9c4987915e55","order_id":"","type":"LIMIT","symbol":"TSLA","side":"SELL","price":181.87,"quantity":92}}
{"event_type":"order_sent","timestamp":"2026-05-19T11:26:58.3482617+05:30","order_sent":{"request_id":"bd90d3a7-6163-4e88-9e8e-2e6dd9f89254","order_id":"","type":"LIMIT","symbol":"AAPL","side":"SELL","price":358.87,"quantity":89}}
{"event_type":"order_sent","timestamp":"2026-05-19T11:26:58.3482617+05:30","order_sent":{"request_id":"94542054-c4f3-43d9-b621-a7d378200a07","order_id":"","type":"LIMIT","symbol":"TSLA","side":"SELL","price":547.14,"quantity":78}}
{"event_type":"order_sent","timestamp":"2026-05-19T11:26:58.3482617+05:30","order_sent":{"request_id":"8b45ae97-9fcd-4f3a-87a8-2131658af6b7","order_id":"","type":"LIMIT","symbol":"AAPL","side":"SELL","price":196.08,"quantity":74}}
{"event_type":"order_sent","timestamp":"2026-05-19T11:26:58.3482617+05:30","order_sent":{"request_id":"4e903854-e92b-4b5e-b81d-3ee1a243d9b6","order_id":"","type":"LIMIT","symbol":"AAPL","side":"BUY","price":259,"quantity":40}}
{"event_type":"order_sent","timestamp":"2026-05-19T11:26:58.3482617+05:30","order_sent":{"request_id":"a3f96a18-cb31-4fc0-8cc7-fc5bb0060b02","order_id":"","type":"MARKET","symbol":"AAPL","side":"BUY","quantity":44}}
{"event_type":"order_sent","timestamp":"2026-05-19T11:26:58.3482617+05:30","order_sent":{"request_id":"386e97e8-ceb8-43f1-819a-ea2bcf758a70","order_id":"","type":"MARKET","symbol":"MSFT","side":"SELL","quantity":34}}
{"event_type":"order_sent","timestamp":"2026-05-19T11:26:58.3490662+05:30","order_sent":{"request_id":"d2cd59b8-8aba-4ee3-b326-8d4ef055556d","order_id":"","type":"MARKET","symbol":"AAPL","side":"SELL","quantity":20}}
{"event_type":"order_sent","timestamp":"2026-05-19T11:26:58.3482617+05:30","order_sent":{"request_id":"bffe0c52-61e5-4c36-8668-ad7dfed7c255","order_id":"ord-2679227005979190260","type":"CANCEL","symbol":"","side":""}}
{"event_type":"order_sent","timestamp":"2026-05-19T11:26:58.3490662+05:30","order_sent":{"request_id":"1e815cc3-0248-43c7-b4e0-e7e84b774dbe","order_id":"ord-4418180356006828063","type":"CANCEL","symbol":"","side":""}}
{"event_type":"order_sent","timestamp":"2026-05-19T11:26:58.3490662+05:30","order_sent":{"request_id":"30ac39cd-97b4-40d8-b596-1cb8599fdc03","order_id":"","type":"LIMIT","symbol":"GOOG","side":"SELL","price":105.71,"quantity":14}}
{"event_type":"order_sent","timestamp":"2026-05-19T11:26:58.3490662+05:30","order_sent":{"request_id":"fad097ef-1f9c-4beb-93fe-019e0ce7fcbf","order_id":"ord-2022982218011435412","type":"CANCEL","symbol":"","side":""}}
{"event_type":"order_sent","timestamp":"2026-05-19T11:26:58.3482617+05:30","order_sent":{"request_id":"2e745db2-0e7e-4f91-807e-4a53d40b6548","order_id":"","type":"LIMIT","symbol":"MSFT","side":"BUY","price":633.89,"quantity":4}}
{"event_type":"order_sent","timestamp":"2026-05-19T11:26:58.3482617+05:30","order_sent":{"request_id":"a3ac858b-88b4-4aad-8efc-4fd80253e696","order_id":"","type":"MARKET","symbol":"MSFT","side":"BUY","quantity":11}}
{"event_type":"order_sent","timestamp":"2026-05-19T11:26:58.3482617+05:30","order_sent":{"request_id":"d665d70d-8a31-4380-ba53-91814581dcf4","order_id":"","type":"LIMIT","symbol":"MSFT","side":"SELL","price":394.71,"quantity":64}}
{"event_type":"order_sent","timestamp":"2026-05-19T11:26:58.3482617+05:30","order_sent":{"request_id":"325fe12a-dda2-4dc4-9f28-521655258d0b","order_id":"","type":"MARKET","symbol":"MSFT","side":"SELL","quantity":40}}
{"event_type":"order_sent","timestamp":"2026-05-19T11:26:58.3482617+05:30","order_sent":{"request_id":"e1891cb9-2ad0-4528-8a02-6f872aab2429","order_id":"ord-9109031012607033197","type":"CANCEL","symbol":"","side":""}}
{"event_type":"order_sent","timestamp":"2026-05-19T11:26:58.3482617+05:30","order_sent":{"request_id":"abfc038c-1fa5-4e05-a808-c296cb1f5206","order_id":"","type":"LIMIT","symbol":"AMZN","side":"BUY","price":650.66,"quantity":42}}
{"event_type":"order_sent","timestamp":"2026-05-19T11:26:58.3482617+05:30","order_sent":{"request_id":"4cbc594f-3543-422a-bccb-2275e4580baa","order_id":"","type":"MARKET","symbol":"GOOG","side":"BUY","quantity":17}}
{"event_type":"order_sent","timestamp":"2026-05-19T11:26:58.3482617+05:30","order_sent":{"request_id":"cc1ea663-2082-476f-a61a-a863260f1b70","order_id":"","type":"MARKET","symbol":"AAPL","side":"BUY","quantity":21}}
{"event_type":"order_sent","timestamp":"2026-05-19T11:26:58.3482617+05:30","order_sent":{"request_id":"8171347f-b53d-4f51-ab82-a33914bd89a6","order_id":"","type":"MARKET","symbol":"TSLA","side":"BUY","quantity":16}}
{"event_type":"order_sent","timestamp":"2026-05-19T11:26:58.3482617+05:30","order_sent":{"request_id":"fc2eb17a-0fdb-45e2-a181-00633167b85d","order_id":"","type":"LIMIT","symbol":"AAPL","side":"SELL","price":611.58,"quantity":25}}
{"event_type":"order_sent","timestamp":"2026-05-19T11:26:58.3482617+05:30","order_sent":{"request_id":"9541ca0c-885b-4767-9902-c34d6d3077e9","order_id":"","type":"LIMIT","symbol":"AMZN","side":"SELL","price":775.3,"quantity":8}}
{"event_type":"order_sent","timestamp":"2026-05-19T11:26:58.3482617+05:30","order_sent":{"request_id":"da3b3a99-c6d9-4109-983a-ed45f5c9273a","order_id":"","type":"LIMIT","symbol":"TSLA","side":"SELL","price":352.15,"quantity":6}}
{"event_type":"order_sent","timestamp":"2026-05-19T11:26:58.3482617+05:30","order_sent":{"request_id":"c1e0727e-de31-4825-a1d1-3bf39759d151","order_id":"ord-7570635855856929239","type":"CANCEL","symbol":"","side":""}}
{"event_type":"order_sent","timestamp":"2026-05-19T11:26:58.3482617+05:30","order_sent":{"request_id":"208098b3-a9bf-4a6b-b8d3-b56cddbbe869","order_id":"","type":"LIMIT","symbol":"AMZN","side":"SELL","price":688.28,"quantity":81}}
{"event_type":"order_sent","timestamp":"2026-05-19T11:26:58.3482617+05:30","order_sent":{"request_id":"7cefa7fb-6577-491a-8450-0cb964d57efa","order_id":"","type":"LIMIT","symbol":"AAPL","side":"SELL","price":904.2,"quantity":74}}
{"event_type":"order_sent","timestamp":"2026-05-19T11:26:58.3482617+05:30","order_sent":{"request_id":"3068207a-1b6e-4db1-85dc-26ccec874bc7","order_id":"","type":"LIMIT","symbol":"AMZN","side":"BUY","price":216.12,"quantity":62}}
{"event_type":"order_sent","timestamp":"2026-05-19T11:26:58.3482617+05:30","order_sent":{"request_id":"e4b62c81-e39f-4bee-8bbe-3474c4ec87cf","order_id":"","type":"LIMIT","symbol":"TSLA","side":"BUY","price":468.53,"quantity":21}}
{"event_type":"order_sent","timestamp":"2026-05-19T11:26:58.3482617+05:30","order_sent":{"request_id":"c4b1e480-92d9-4cbc-abf5-fba7c3476042","order_id":"","type":"LIMIT","symbol":"AAPL","side":"BUY","price":784.77,"quantity":18}}
{"event_type":"order_sent","timestamp":"2026-05-19T11:26:58.3482617+05:30","order_sent":{"request_id":"eaaa7716-10ba-4ac4-b5a0-ef31bd7275fa","order_id":"","type":"LIMIT","symbol":"TSLA","side":"SELL","price":272.82,"quantity":22}}
{"event_type":"order_sent","timestamp":"2026-05-19T11:26:58.3482617+05:30","order_sent":{"request_id":"a67cb99f-2f7f-46e2-8952-eda9070978e9","order_id":"","type":"LIMIT","symbol":"AMZN","side":"BUY","price":745.13,"quantity":98}}
{"event_type":"order_sent","timestamp":"2026-05-19T11:26:58.3482617+05:30","order_sent":{"request_id":"76d196b7-b7f3-4e2f-a4da-104b155084cf","order_id":"","type":"LIMIT","symbol":"AMZN","side":"SELL","price":426.36,"quantity":88}}
{"event_type":"order_sent","timestamp":"2026-05-19T11:26:58.3482617+05:30","order_sent":{"request_id":"102b979b-0304-455b-bf34-c3dbc16e79fc","order_id":"ord-1240644027149922327","type":"CANCEL","symbol":"","side":""}}
{"event_type":"order_sent","timestamp":"2026-05-19T11:26:58.3482617+05:30","order_sent":{"request_id":"04b6d283-fcd3-491e-ba41-55f15b716204","order_id":"","type":"LIMIT","symbol":"AAPL","side":"SELL","price":306.45,"quantity":15}}
{"event_type":"order_sent","timestamp":"2026-05-19T11:26:58.3482617+05:30","order_sent":{"request_id":"798b73e9-a62d-4141-a74e-7dbd3ce91792","order_id":"","type":"MARKET","symbol":"TSLA","side":"BUY","quantity":9}}
{"event_type":"order_sent","timestamp":"2026-05-19T11:26:58.3482617+05:30","order_sent":{"request_id":"bb807af2-b7e2-43a9-94ef-9e178d31d1ca","order_id":"","type":"LIMIT","symbol":"MSFT","side":"SELL","price":876.96,"quantity":23}}
{"event_type":"order_sent","timestamp":"2026-05-19T11:26:58.3482617+05:30","order_sent":{"request_id":"bbd4aa36-9d36-4f34-9518-18cad6f6b608","order_id":"","type":"MARKET","symbol":"AAPL","side":"BUY","quantity":3}}
{"event_type":"order_sent","timestamp":"2026-05-19T11:26:58.3482617+05:30","order_sent":{"request_id":"8bc64c58-a458-4d0f-928c-af61532e04d1","order_id":"","type":"MARKET","symbol":"TSLA","side":"BUY","quantity":2}}
{"event_type":"order_sent","timestamp":"2026-05-19T11:26:58.3482617+05:30","order_sent":{"request_id":"540749df-1721-4469-acf5-da2c48c87229","order_id":"","type":"LIMIT","symbol":"TSLA","side":"BUY","price":241.99,"quantity":22}}
{"event_type":"order_sent","timestamp":"2026-05-19T11:26:58.3482617+05:30","order_sent":{"request_id":"e290fd54-234c-419c-88c9-99ae1e04a065","order_id":"","type":"LIMIT","symbol":"AAPL","side":"BUY","price":641.29,"quantity":58}}
{"event_type":"order_sent","timestamp":"2026-05-19T11:26:58.3482617+05:30","order_sent":{"request_id":"bade2cea-6213-49a0-9de9-f55aaffe82f3","order_id":"","type":"MARKET","symbol":"MSFT","side":"SELL","quantity":44}}
{"event_type":"order_sent","timestamp":"2026-05-19T11:26:58.3482617+05:30","order_sent":{"request_id":"1a99d5b1-3307-4643-b154-649eb3a7183e","order_id":"","type":"LIMIT","symbol":"MSFT","side":"BUY","price":786.28,"quantity":45}}
{"event_type":"order_sent","timestamp":"2026-05-19T11:26:58.3482617+05:30","order_sent":{"request_id":"2454abdd-ef40-4751-8f90-2dbd681b9502","order_id":"","type":"LIMIT","symbol":"AAPL","side":"BUY","price":125.49,"quantity":82}}
{"event_type":"order_sent","timestamp":"2026-05-19T11:26:58.3482617+05:30","order_sent":{"request_id":"a4ba2ca4-ebb5-4429-bbed-3adfeecd91d3","order_id":"","type":"MARKET","symbol":"GOOG","side":"BUY","quantity":47}}
{"event_type":"order_sent","timestamp":"2026-05-19T11:26:58.3482617+05:30","order_sent":{"request_id":"15907143-23d8-4a8e-b2f6-9d01723997ba","order_id":"","type":"LIMIT","symbol":"TSLA","side":"SELL","price":763.3,"quantity":63}}
{"event_type":"order_sent","timestamp":"2026-05-19T11:26:58.3482617+05:30","order_sent":{"request_id":"46b432a7-5596-47b6-b430-3eccdf21f3ad","order_id":"","type":"LIMIT","symbol":"AMZN","side":"SELL","price":176.56,"quantity":93}}
{"event_type":"order_sent","timestamp":"2026-05-19T11:26:58.3482617+05:30","order_sent":{"request_id":"829f22a6-a7ce-486d-84ff-db229e46d9e5","order_id":"ord-1924969627154935803","type":"CANCEL","symbol":"","side":""}}
{"event_type":"order_sent","timestamp":"2026-05-19T11:26:58.3482617+05:30","order_sent":{"request_id":"73947f2d-9fd8-4738-8e73-8853495b5948","order_id":"","type":"LIMIT","symbol":"MSFT","side":"BUY","price":133.25,"quantity":78}}
{"event_type":"order_sent","timestamp":"2026-05-19T11:26:58.3482617+05:30","order_sent":{"request_id":"39c217f1-1802-4a9d-9a2f-3eacb65972bb","order_id":"","type":"LIMIT","symbol":"AMZN","side":"SELL","price":240.45,"quantity":99}}
{"event_type":"order_sent","timestamp":"2026-05-19T11:26:58.3482617+05:30","order_sent":{"request_id":"8adc5c6e-ab45-4aa2-bd21-196097adc7db","order_id":"ord-4499060103995196870","type":"CANCEL","symbol":"","side":""}}
{"event_type":"order_sent","timestamp":"2026-05-19T11:26:58.3482617+05:30","order_sent":{"request_id":"8ff693a6-0054-4318-a538-1fc36f6bdbe7","order_id":"ord-7835336378241241955","type":"CANCEL","symbol":"","side":""}}
{"event_type":"order_sent","timestamp":"2026-05-19T11:26:58.3482617+05:30","order_sent":{"request_id":"616f4d33-8c37-4a5b-984d-9efe0d1bfb81","order_id":"","type":"MARKET","symbol":"MSFT","side":"BUY","quantity":16}}
{"event_type":"order_sent","timestamp":"2026-05-19T11:26:58.3482617+05:30","order_sent":{"request_id":"dd667bfe-236c-4148-a1eb-5ad2541fa7a4","order_id":"ord-7515688895581947262","type":"CANCEL","symbol":"","side":""}}
{"event_type":"order_sent","timestamp":"2026-05-19T11:26:58.3482617+05:30","order_sent":{"request_id":"ba4e4c83-2975-4849-939d-07be7b22ecc9","order_id":"","type":"LIMIT","symbol":"AMZN","side":"SELL","price":433.95,"quantity":29}}
{"event_type":"order_sent","timestamp":"2026-05-19T11:26:58.3482617+05:30","order_sent":{"request_id":"5d2a7b19-cd94-4c4c-a8bb-7ebc84dea45a","order_id":"","type":"LIMIT","symbol":"MSFT","side":"SELL","price":515.74,"quantity":15}}
{"event_type":"order_sent","timestamp":"2026-05-19T11:26:58.3482617+05:30","order_sent":{"request_id":"d4da9199-664c-4e9e-a437-80cb87f1bc6d","order_id":"","type":"LIMIT","symbol":"GOOG","side":"BUY","price":325.62,"quantity":63}}
{"event_type":"order_sent","timestamp":"2026-05-19T11:26:58.3482617+05:30","order_sent":{"request_id":"bacba88e-c5e2-44ff-b3bc-006490310de2","order_id":"","type":"MARKET","symbol":"MSFT","side":"SELL","quantity":43}}
{"event_type":"order_sent","timestamp":"2026-05-19T11:26:58.3482617+05:30","order_sent":{"request_id":"ae4177e6-8354-4a0c-aafd-16f0722a0181","order_id":"ord-3612076944924968672","type":"CANCEL","symbol":"","side":""}}
{"event_type":"order_sent","timestamp":"2026-05-19T11:26:58.3482617+05:30","order_sent":{"request_id":"fe2b548d-d3a4-4c80-8874-29aed92bd248","order_id":"","type":"LIMIT","symbol":"AMZN","side":"BUY","price":237.74,"quantity":90}}
{"event_type":"order_sent","timestamp":"2026-05-19T11:26:58.3482617+05:30","order_sent":{"request_id":"d14c5d63-7333-4b2c-9de8-841ce3e33712","order_id":"","type":"LIMIT","symbol":"MSFT","side":"SELL","price":385.14,"quantity":86}}
{"event_type":"order_sent","timestamp":"2026-05-19T11:26:58.3482617+05:30","order_sent":{"request_id":"9f1b1225-f1a1-4cc7-ac0a-68a81cc2d8d5","order_id":"","type":"LIMIT","symbol":"AAPL","side":"SELL","price":796.71,"quantity":74}}
{"event_type":"order_sent","timestamp":"2026-05-19T11:26:58.3482617+05:30","order_sent":{"request_id":"eae83d25-8845-4437-8cf2-c1b768b2ef2f","order_id":"","type":"MARKET","symbol":"AAPL","side":"BUY","quantity":27}}
{"event_type":"order_sent","timestamp":"2026-05-19T11:26:58.3482617+05:30","order_sent":{"request_id":"914ca052-0fdc-49c5-8aac-981fa088a78e","order_id":"","type":"LIMIT","symbol":"MSFT","side":"BUY","price":297.05,"quantity":21}}
{"event_type":"order_sent","timestamp":"2026-05-19T11:26:58.3482617+05:30","order_sent":{"request_id":"a979081c-f9b7-48d1-9c34-bd46fd7c2f83","order_id":"","type":"LIMIT","symbol":"TSLA","side":"BUY","price":478.95,"quantity":82}}
{"event_type":"order_sent","timestamp":"2026-05-19T11:26:58.3482617+05:30","order_sent":{"request_id":"55ef51ad-222d-4110-8fd9-04f82a5e27a6","order_id":"","type":"LIMIT","symbol":"AMZN","side":"SELL","price":183.59,"quantity":26}}
{"event_type":"order_sent","timestamp":"2026-05-19T11:26:58.3482617+05:30","order_sent":{"request_id":"9563da66-2a3e-418f-9609-2944c216b1fc","order_id":"","type":"LIMIT","symbol":"MSFT","side":"SELL","price":581.63,"quantity":59}}
{"event_type":"order_sent","timestamp":"2026-05-19T11:26:58.3482617+05:30","order_sent":{"request_id":"11caa20f-8683-4f39-ba82-08e729fbbd42","order_id":"","type":"LIMIT","symbol":"GOOG","side":"BUY","price":445.51,"quantity":87}}
{"event_type":"order_sent","timestamp":"2026-05-19T11:26:58.3482617+05:30","order_sent":{"request_id":"b517d499-9709-4645-9dc3-34c43b5b71f0","order_id":"ord-6895202213552686685","type":"CANCEL","symbol":"","side":""}}
{"event_type":"order_sent","timestamp":"2026-05-19T11:26:58.3482617+05:30","order_sent":{"request_id":"2fec7ad6-e133-442d-b2ee-88f82a5e6262","order_id":"ord-5579917049582198550","type":"CANCEL","symbol":"","side":""}}
{"event_type":"order_sent","timestamp":"2026-05-19T11:26:58.3482617+05:30","order_sent":{"request_id":"79ecf883-013a-4bb3-b0de-0df01bf08f53","order_id":"ord-3432160275126895701","type":"CANCEL","symbol":"","side":""}}
{"event_type":"order_sent","timestamp":"2026-05-19T11:26:58.3482617+05:30","order_sent":{"request_id":"7f8d7df5-f4ca-4f91-bdb5-d59f92e088cc","order_id":"","type":"LIMIT","symbol":"TSLA","side":"SELL","price":416.29,"quantity":43}}
{"event_type":"order_sent","timestamp":"2026-05-19T11:26:58.3482617+05:30","order_sent":{"request_id":"816486b9-32eb-4a0f-a34d-27c04fc9bff8","order_id":"ord-8324096159834431765","type":"CANCEL","symbol":"","side":""}}
{"event_type":"order_sent","timestamp":"2026-05-19T11:26:58.3482617+05:30","order_sent":{"request_id":"19f7e354-cc8f-49ef-b226-d1702d6a67b1","order_id":"","type":"MARKET","symbol":"AMZN","side":"SELL","quantity":16}}
{"event_type":"order_sent","timestamp":"2026-05-19T11:26:58.3482617+05:30","order_sent":{"request_id":"cb5f83b4-3681-4f77-964c-fd2f36e63874","order_id":"","type":"MARKET","symbol":"GOOG","side":"SELL","quantity":37}}
{"event_type":"order_sent","timestamp":"2026-05-19T11:26:58.3482617+05:30","order_sent":{"request_id":"ace8ece0-cc71-4545-b525-ad838961f3f9","order_id":"","type":"LIMIT","symbol":"MSFT","side":"BUY","price":998.45,"quantity":89}}
{"event_type":"order_sent","timestamp":"2026-05-19T11:26:58.3482617+05:30","order_sent":{"request_id":"d43d66cf-a3d0-4147-b9e6-3b2c055a922c","order_id":"","type":"LIMIT","symbol":"AAPL","side":"SELL","price":192.68,"quantity":79}}
{"event_type":"order_sent","timestamp":"2026-05-19T11:26:58.3482617+05:30","order_sent":{"request_id":"64b22f67-23f8-4881-a017-5f7bb0b73549","order_id":"","type":"LIMIT","symbol":"MSFT","side":"BUY","price":290.78,"quantity":69}}
{"event_type":"order_sent","timestamp":"2026-05-19T11:26:58.3482617+05:30","order_sent":{"request_id":"91be9d60-1ed8-411a-a9a1-ae4cdd59aff3","order_id":"","type":"MARKET","symbol":"MSFT","side":"SELL","quantity":46}}
{"event_type":"order_sent","timestamp":"2026-05-19T11:26:58.3482617+05:30","order_sent":{"request_id":"47683ef8-a0af-46f4-9d6c-77bd84bcac0b","order_id":"","type":"MARKET","symbol":"MSFT","side":"BUY","quantity":26}}
{"event_type":"order_sent","timestamp":"2026-05-19T11:26:58.3482617+05:30","order_sent":{"request_id":"89e2c33a-fcf1-45f2-9f70-e13aaca34b77","order_id":"","type":"LIMIT","symbol":"GOOG","side":"SELL","price":694.13,"quantity":20}}
{"event_type":"order_sent","timestamp":"2026-05-19T11:26:58.3482617+05:30","order_sent":{"request_id":"7092a9c7-8324-4409-8986-b8a6e3efec52","order_id":"","type":"LIMIT","symbol":"MSFT","side":"BUY","price":553.28,"quantity":59}}
{"event_type":"order_sent","timestamp":"2026-05-19T11:26:58.3482617+05:30","order_sent":{"request_id":"e4d9cd8c-eda4-448d-89f5-7ea444ae5027","order_id":"","type":"LIMIT","symbol":"MSFT","side":"SELL","price":516.48,"quantity":24}}
{"event_type":"order_sent","timestamp":"2026-05-19T11:26:58.3482617+05:30","order_sent":{"request_id":"7f733c8b-b900-48d6-b51c-045683ddafcf","order_id":"ord-2101294682962352834","type":"CANCEL","symbol":"","side":""}}
{"event_type":"order_sent","timestamp":"2026-05-19T11:26:58.3482617+05:30","order_sent":{"request_id":"0869429f-2607-4ae6-8657-39ccc4c9f9fe","order_id":"","type":"LIMIT","symbol":"MSFT","side":"SELL","price":905.53,"quantity":48}}
{"event_type":"order_sent","timestamp":"2026-05-19T11:26:58.3482617+05:30","order_sent":{"request_id":"8a03b7b3-562e-4c30-946e-f339a476a864","order_id":"","type":"MARKET","symbol":"MSFT","side":"SELL","quantity":40}}
{"event_type":"order_sent","timestamp":"2026-05-19T11:26:58.3482617+05:30","order_sent":{"request_id":"3e6ac87c-3577-4f9a-897b-2afdda20a3a8","order_id":"","type":"MARKET","symbol":"TSLA","side":"BUY","quantity":17}}
{"event_type":"order_sent","timestamp":"2026-05-19T11:26:58.3490662+05:30","order_sent":{"request_id":"ede44d66-7275-4324-aa5e-2817dbbc47e0","order_id":"ord-8865607479225951674","type":"CANCEL","symbol":"","side":""}}
{"event_type":"order_sent","timestamp":"2026-05-19T11:26:58.3490662+05:30","order_sent":{"request_id":"d2b384aa-08b6-4618-bb72-c7eb91fef8cb","order_id":"","type":"MARKET","symbol":"MSFT","side":"BUY","quantity":9}}
{"event_type":"order_sent","timestamp":"2026-05-19T11:26:58.3490662+05:30","order_sent":{"request_id":"4c825448-ada2-46e6-87c4-32a7addf86f3","order_id":"","type":"LIMIT","symbol":"TSLA","side":"BUY","price":481.68,"quantity":27}}
{"event_type":"order_sent","timestamp":"2026-05-19T11:26:58.3490662+05:30","order_sent":{"request_id":"43ab59bf-1db4-4c7d-a2f1-af800cf0bf25","order_id":"ord-2949100613522064955","type":"CANCEL","symbol":"","side":""}}
{"event_type":"order_acked","timestamp":"2026-05-19T11:26:58.3587926+05:30","order_acked":{"request_id":"f6bb7f56-4252-41e8-8c31-eaaccc80f940","status_code":201}}
{"event_type":"order_acked","timestamp":"2026-05-19T11:26:58.3644563+05:30","order_acked":{"request_id":"9541ca0c-885b-4767-9902-c34d6d3077e9","status_code":201}}
{"event_type":"execution_report","timestamp":"2026-05-19T11:26:58.3927557+05:30","execution":{"order_id":"a6b614ae-89c0-4094-a10a-73cb76757395","symbol":"AMZN","side":"SELL","status":"filled","filled_qty":72,"leaves_qty":0,"price":681,"timestamp":"2026-05-19T05:56:58Z","match_id":"02c4eede-fb11-4858-b0cc-e9de1160eecf"}}
{"event_type":"execution_report","timestamp":"2026-05-19T11:26:58.3933423+05:30","execution":{"order_id":"8fa90212-bf5a-4f15-bacc-14081a4cd85d","symbol":"AMZN","side":"SELL","status":"filled","filled_qty":8,"leaves_qty":0,"price":775.3,"timestamp":"2026-05-19T05:56:58Z","match_id":"1c23890c-1b67-4f4b-b766-aa14744e1384"}}
{"event_type":"order_acked","timestamp":"2026-05-19T11:26:58.4013199+05:30","order_acked":{"request_id":"fad097ef-1f9c-4beb-93fe-019e0ce7fcbf","status_code":200}}
{"event_type":"order_acked","timestamp":"2026-05-19T11:26:58.4024809+05:30","order_acked":{"request_id":"4cbc594f-3543-422a-bccb-2275e4580baa","status_code":201}}
{"event_type":"order_acked","timestamp":"2026-05-19T11:26:58.4186129+05:30","order_acked":{"request_id":"386e97e8-ceb8-43f1-819a-ea2bcf758a70","status_code":201}}
{"event_type":"order_acked","timestamp":"2026-05-19T11:26:58.4197372+05:30","order_acked":{"request_id":"a3f96a18-cb31-4fc0-8cc7-fc5bb0060b02","status_code":201}}
{"event_type":"order_acked","timestamp":"2026-05-19T11:26:58.4221286+05:30","order_acked":{"request_id":"5d30133a-38e7-440a-9f34-ca75b4370f84","status_code":201}}
{"event_type":"order_acked","timestamp":"2026-05-19T11:26:58.441616+05:30","order_acked":{"request_id":"d511850d-7195-4a14-8f95-a60e8c86ffdb","status_code":201}}
{"event_type":"execution_report","timestamp":"2026-05-19T11:26:58.441616+05:30","execution":{"order_id":"a8a413fd-2bd1-46b5-a931-005152d28696","symbol":"AAPL","side":"BUY","status":"filled","filled_qty":72,"leaves_qty":0,"price":301.73,"timestamp":"2026-05-19T05:56:58Z","match_id":"a3f05308-1686-45b0-8fb1-076ea8706e33"}}
{"event_type":"order_acked","timestamp":"2026-05-19T11:26:58.441616+05:30","order_acked":{"request_id":"72e52262-0ad4-4903-835a-2f9def3e31b1","status_code":201}}
{"event_type":"execution_report","timestamp":"2026-05-19T11:26:58.4569777+05:30","execution":{"order_id":"20d97a2c-dc7d-41bf-8d4d-afe97cc7a2cf","symbol":"AAPL","side":"BUY","status":"filled","filled_qty":61,"leaves_qty":0,"price":804.46,"timestamp":"2026-05-19T05:56:58Z","match_id":"e53bfadb-d6a9-4f73-8a2e-ca07fa112282"}}
{"event_type":"execution_report","timestamp":"2026-05-19T11:26:58.4587319+05:30","execution":{"order_id":"852a7ff9-e90d-4346-80db-d3a43300fda5","symbol":"MSFT","side":"BUY","status":"filled","filled_qty":65,"leaves_qty":0,"price":834.89,"timestamp":"2026-05-19T05:56:58Z","match_id":"bc5bd115-ceb4-4b4e-ac91-4018c95b411d"}}
{"event_type":"execution_report","timestamp":"2026-05-19T11:26:58.4596057+05:30","execution":{"order_id":"d1da4eb8-6c1e-4070-b993-b8d299bf88db","symbol":"GOOG","side":"SELL","status":"filled","filled_qty":14,"leaves_qty":0,"price":105.71,"timestamp":"2026-05-19T05:56:58Z","match_id":"d2e6e7c2-525e-4bf1-bb47-6735c8cbe77c"}}
{"event_type":"order_acked","timestamp":"2026-05-19T11:26:58.4785807+05:30","order_acked":{"request_id":"d665d70d-8a31-4380-ba53-91814581dcf4","status_code":201}}
{"event_type":"order_acked","timestamp":"2026-05-19T11:26:58.4785807+05:30","order_acked":{"request_id":"2b8c6635-191f-4cc8-a324-1f7e9bd8cb97","status_code":201}}
{"event_type":"order_acked","timestamp":"2026-05-19T11:26:58.4785807+05:30","order_acked":{"request_id":"da877317-a891-47b9-8f1b-7a87bd95803f","status_code":201}}
{"event_type":"order_acked","timestamp":"2026-05-19T11:26:58.4785807+05:30","order_acked":{"request_id":"2e745db2-0e7e-4f91-807e-4a53d40b6548","status_code":201}}
{"event_type":"order_acked","timestamp":"2026-05-19T11:26:58.4785807+05:30","order_acked":{"request_id":"bffe0c52-61e5-4c36-8668-ad7dfed7c255","status_code":200}}
{"event_type":"order_acked","timestamp":"2026-05-19T11:26:58.4785807+05:30","order_acked":{"request_id":"30ac39cd-97b4-40d8-b596-1cb8599fdc03","status_code":201}}
{"event_type":"order_acked","timestamp":"2026-05-19T11:26:58.4785807+05:30","order_acked":{"request_id":"85a43084-23d6-4fdf-84a9-242f28d18d1e","status_code":201}}
{"event_type":"execution_report","timestamp":"2026-05-19T11:26:58.4785807+05:30","execution":{"order_id":"542eb295-272f-4e89-bc7d-8f2b2b948a28","symbol":"MSFT","side":"BUY","status":"filled","filled_qty":4,"leaves_qty":0,"price":633.89,"timestamp":"2026-05-19T05:56:58Z","match_id":"89c0d6ef-54a5-4765-88b6-7b1260f003fd"}}
{"event_type":"order_acked","timestamp":"2026-05-19T11:26:58.4871768+05:30","order_acked":{"request_id":"1e815cc3-0248-43c7-b4e0-e7e84b774dbe","status_code":200}}
{"event_type":"order_acked","timestamp":"2026-05-19T11:26:58.4877155+05:30","order_acked":{"request_id":"d632945c-9ce4-4a22-bfa8-fef7c93a845b","status_code":201}}
{"event_type":"execution_report","timestamp":"2026-05-19T11:26:58.4889778+05:30","execution":{"order_id":"aacfcb69-d5fe-4cbc-b0eb-12f1618bc837","symbol":"MSFT","side":"SELL","status":"filled","filled_qty":64,"leaves_qty":0,"price":394.71,"timestamp":"2026-05-19T05:56:58Z","match_id":"e2b07ff8-6ff1-4d57-8b5a-bc72055ca229"}}
{"event_type":"order_acked","timestamp":"2026-05-19T11:26:58.4922823+05:30","order_acked":{"request_id":"a3ac858b-88b4-4aad-8efc-4fd80253e696","status_code":201}}
{"event_type":"order_acked","timestamp":"2026-05-19T11:26:58.4928413+05:30","order_acked":{"request_id":"427ef216-e673-46cb-9ad6-9c4987915e55","status_code":201}}
{"event_type":"order_acked","timestamp":"2026-05-19T11:26:58.500488+05:30","order_acked":{"request_id":"b2014df2-8e92-44a6-a32c-b02c386463be","status_code":201}}
{"event_type":"execution_report","timestamp":"2026-05-19T11:26:58.5014996+05:30","execution":{"order_id":"14d72d4f-cbce-4007-a5d2-63bebd630b99","symbol":"TSLA","side":"SELL","status":"filled","filled_qty":92,"leaves_qty":0,"price":181.87,"timestamp":"2026-05-19T05:56:58Z","match_id":"604d9fe3-a54b-47fb-ad5b-842776e7d2cb"}}
{"event_type":"order_acked","timestamp":"2026-05-19T11:26:58.5033553+05:30","order_acked":{"request_id":"da3b3a99-c6d9-4109-983a-ed45f5c9273a","status_code":201}}
{"event_type":"execution_report","timestamp":"2026-05-19T11:26:58.5069658+05:30","execution":{"order_id":"358e0ae9-2b4c-40d6-852a-f3b77bdce9f4","symbol":"GOOG","side":"BUY","status":"filled","filled_qty":65,"leaves_qty":0,"price":489.8,"timestamp":"2026-05-19T05:56:58Z","match_id":"5ee0ed78-1e09-4ba1-8574-0b55411f1dcc"}}
{"event_type":"execution_report","timestamp":"2026-05-19T11:26:58.5107362+05:30","execution":{"order_id":"60f9dd71-eea5-493f-bdb4-498f75237740","symbol":"TSLA","side":"SELL","status":"filled","filled_qty":6,"leaves_qty":0,"price":352.15,"timestamp":"2026-05-19T05:56:58Z","match_id":"06788587-3555-454a-815f-3879055f2bfb"}}
{"event_type":"execution_report","timestamp":"2026-05-19T11:26:58.5134711+05:30","execution":{"order_id":"67cf8a39-4289-4093-9ddf-fe9efad2fcfc","symbol":"AAPL","side":"SELL","status":"filled","filled_qty":74,"leaves_qty":0,"price":904.2,"timestamp":"2026-05-19T05:56:58Z","match_id":"1987305d-4f75-420f-bc81-9e81f67bf6ce"}}
{"event_type":"execution_report","timestamp":"2026-05-19T11:26:58.5141096+05:30","execution":{"order_id":"07388219-0281-4874-a5c3-30a9ee123248","symbol":"AAPL","side":"SELL","status":"filled","filled_qty":74,"leaves_qty":0,"price":196.08,"timestamp":"2026-05-19T05:56:58Z","match_id":"441406d6-b43d-4641-975b-cdb09435456c"}}
{"event_type":"order_acked","timestamp":"2026-05-19T11:26:58.516381+05:30","order_acked":{"request_id":"e1891cb9-2ad0-4528-8a02-6f872aab2429","status_code":200}}
{"event_type":"order_acked","timestamp":"2026-05-19T11:26:58.5199905+05:30","order_acked":{"request_id":"7cefa7fb-6577-491a-8450-0cb964d57efa","status_code":201}}
{"event_type":"order_acked","timestamp":"2026-05-19T11:26:58.5199905+05:30","order_acked":{"request_id":"8b45ae97-9fcd-4f3a-87a8-2131658af6b7","status_code":201}}
{"event_type":"order_acked","timestamp":"2026-05-19T11:26:58.5304282+05:30","order_acked":{"request_id":"d2cd59b8-8aba-4ee3-b326-8d4ef055556d","status_code":201}}
{"event_type":"execution_report","timestamp":"2026-05-19T11:26:58.5309358+05:30","execution":{"order_id":"6a4bb229-09b1-48cd-8219-b957e635f6c3","symbol":"AAPL","side":"SELL","status":"filled","filled_qty":89,"leaves_qty":0,"price":358.87,"timestamp":"2026-05-19T05:56:58Z","match_id":"9ce5ae40-a764-43bb-b35f-60da7151ffd6"}}
{"event_type":"order_acked","timestamp":"2026-05-19T11:26:58.5345093+05:30","order_acked":{"request_id":"bd90d3a7-6163-4e88-9e8e-2e6dd9f89254","status_code":201}}
{"event_type":"execution_report","timestamp":"2026-05-19T11:26:58.5371924+05:30","execution":{"order_id":"907bc16d-c2fb-43de-a622-55b18e96a381","symbol":"AMZN","side":"SELL","status":"filled","filled_qty":81,"leaves_qty":0,"price":688.28,"timestamp":"2026-05-19T05:56:58Z","match_id":"fc72fca2-289d-44c6-b9d3-46a2ded44986"}}
{"event_type":"order_acked","timestamp":"2026-05-19T11:26:58.5371924+05:30","order_acked":{"request_id":"208098b3-a9bf-4a6b-b8d3-b56cddbbe869","status_code":201}}
{"event_type":"order_acked","timestamp":"2026-05-19T11:26:58.5435371+05:30","order_acked":{"request_id":"abfc038c-1fa5-4e05-a808-c296cb1f5206","status_code":201}}
{"event_type":"execution_report","timestamp":"2026-05-19T11:26:58.5435371+05:30","execution":{"order_id":"67af420f-4583-415e-b730-2de102088437","symbol":"AMZN","side":"BUY","status":"filled","filled_qty":42,"leaves_qty":0,"price":650.66,"timestamp":"2026-05-19T05:56:58Z","match_id":"676a08db-011d-4084-8e97-e25fa399c155"}}
{"event_type":"order_acked","timestamp":"2026-05-19T11:26:58.5551287+05:30","order_acked":{"request_id":"cc1ea663-2082-476f-a61a-a863260f1b70","status_code":201}}
{"event_type":"order_acked","timestamp":"2026-05-19T11:26:58.5566597+05:30","order_acked":{"request_id":"4e903854-e92b-4b5e-b81d-3ee1a243d9b6","status_code":201}}
{"event_type":"execution_report","timestamp":"2026-05-19T11:26:58.5566597+05:30","execution":{"order_id":"cbfa4353-c6f7-4721-b55d-0f65afe0f6a5","symbol":"AAPL","side":"BUY","status":"filled","filled_qty":40,"leaves_qty":0,"price":259,"timestamp":"2026-05-19T05:56:58Z","match_id":"c492dac6-a91a-4c50-a69b-8a8b1b4ec58c"}}
{"event_type":"execution_report","timestamp":"2026-05-19T11:26:58.5581202+05:30","execution":{"order_id":"3145604a-b71c-4730-a626-9ac0ea98af2e","symbol":"TSLA","side":"SELL","status":"filled","filled_qty":78,"leaves_qty":0,"price":547.14,"timestamp":"2026-05-19T05:56:58Z","match_id":"95919306-e128-4638-a214-1a5c08defed7"}}
{"event_type":"order_acked","timestamp":"2026-05-19T11:26:58.5566597+05:30","order_acked":{"request_id":"94542054-c4f3-43d9-b621-a7d378200a07","status_code":201}}
{"event_type":"order_acked","timestamp":"2026-05-19T11:26:58.557294+05:30","order_acked":{"request_id":"325fe12a-dda2-4dc4-9f28-521655258d0b","status_code":201}}
{"event_type":"order_acked","timestamp":"2026-05-19T11:26:58.559354+05:30","order_acked":{"request_id":"c1e0727e-de31-4825-a1d1-3bf39759d151","status_code":200}}
{"event_type":"order_acked","timestamp":"2026-05-19T11:26:58.5727716+05:30","order_acked":{"request_id":"8171347f-b53d-4f51-ab82-a33914bd89a6","status_code":201}}
{"event_type":"order_acked","timestamp":"2026-05-19T11:26:58.5740596+05:30","order_acked":{"request_id":"fc2eb17a-0fdb-45e2-a181-00633167b85d","status_code":201}}
{"event_type":"execution_report","timestamp":"2026-05-19T11:26:58.5814916+05:30","execution":{"order_id":"5696bce4-816c-4354-ad25-84908387e580","symbol":"AAPL","side":"SELL","status":"filled","filled_qty":25,"leaves_qty":0,"price":611.58,"timestamp":"2026-05-19T05:56:58Z","match_id":"a56c6e6c-b31e-49b0-a66f-6a59bf1a42a4"}}
{"event_type":"order_acked","timestamp":"2026-05-19T11:26:58.5837521+05:30","order_acked":{"request_id":"8adc5c6e-ab45-4aa2-bd21-196097adc7db","status_code":200}}
{"event_type":"order_acked","timestamp":"2026-05-19T11:26:58.58496+05:30","order_acked":{"request_id":"55ef51ad-222d-4110-8fd9-04f82a5e27a6","status_code":201}}
{"event_type":"order_acked","timestamp":"2026-05-19T11:26:58.5877261+05:30","order_acked":{"request_id":"798b73e9-a62d-4141-a74e-7dbd3ce91792","status_code":201}}
{"event_type":"order_acked","timestamp":"2026-05-19T11:26:58.5926279+05:30","order_acked":{"request_id":"bbd4aa36-9d36-4f34-9518-18cad6f6b608","status_code":201}}
{"event_type":"execution_report","timestamp":"2026-05-19T11:26:58.5954453+05:30","execution":{"order_id":"31aac510-acfe-484d-980f-33d849db3360","symbol":"AMZN","side":"SELL","status":"filled","filled_qty":26,"leaves_qty":0,"price":183.59,"timestamp":"2026-05-19T05:56:58Z","match_id":"45d6c957-b0d7-4a17-98ad-2b990440283f"}}
{"event_type":"order_acked","timestamp":"2026-05-19T11:26:58.5989427+05:30","order_acked":{"request_id":"64b22f67-23f8-4881-a017-5f7bb0b73549","status_code":201}}
{"event_type":"order_acked","timestamp":"2026-05-19T11:26:58.6016781+05:30","order_acked":{"request_id":"8ff693a6-0054-4318-a538-1fc36f6bdbe7","status_code":200}}
{"event_type":"execution_report","timestamp":"2026-05-19T11:26:58.6022274+05:30","execution":{"order_id":"faeefc43-dd90-4050-b2c7-12e780d81ba0","symbol":"MSFT","side":"BUY","status":"filled","filled_qty":69,"leaves_qty":0,"price":290.78,"timestamp":"2026-05-19T05:56:58Z","match_id":"c39b9908-1142-421a-a90a-87e2f60c2365"}}
{"event_type":"execution_report","timestamp":"2026-05-19T11:26:58.6066771+05:30","execution":{"order_id":"081c5708-d289-4e4e-a215-3e6b0c4db324","symbol":"MSFT","side":"SELL","status":"filled","filled_qty":23,"leaves_qty":0,"price":876.96,"timestamp":"2026-05-19T05:56:58Z","match_id":"f96e40b6-8c3a-4cfb-b95b-d066cd033e99"}}
{"event_type":"execution_report","timestamp":"2026-05-19T11:26:58.6123318+05:30","execution":{"order_id":"612a0a02-f74b-468f-b7e4-acd995a24377","symbol":"AMZN","side":"BUY","status":"filled","filled_qty":62,"leaves_qty":0,"price":216.12,"timestamp":"2026-05-19T05:56:58Z","match_id":"b8fcd5b9-9ad8-4ff5-a8ba-0584c785d7c7"}}
{"event_type":"order_acked","timestamp":"2026-05-19T11:26:58.6134074+05:30","order_acked":{"request_id":"bb807af2-b7e2-43a9-94ef-9e178d31d1ca","status_code":201}}
{"event_type":"order_acked","timestamp":"2026-05-19T11:26:58.6139565+05:30","order_acked":{"request_id":"3068207a-1b6e-4db1-85dc-26ccec874bc7","status_code":201}}
{"event_type":"order_acked","timestamp":"2026-05-19T11:26:58.6156051+05:30","order_acked":{"request_id":"91be9d60-1ed8-411a-a9a1-ae4cdd59aff3","status_code":201}}
{"event_type":"order_acked","timestamp":"2026-05-19T11:26:58.617228+05:30","order_acked":{"request_id":"dd667bfe-236c-4148-a1eb-5ad2541fa7a4","status_code":200}}
{"event_type":"order_acked","timestamp":"2026-05-19T11:26:58.619994+05:30","order_acked":{"request_id":"43ab59bf-1db4-4c7d-a2f1-af800cf0bf25","status_code":200}}
{"event_type":"order_acked","timestamp":"2026-05-19T11:26:58.6210811+05:30","order_acked":{"request_id":"15907143-23d8-4a8e-b2f6-9d01723997ba","status_code":201}}
{"event_type":"order_acked","timestamp":"2026-05-19T11:26:58.6227596+05:30","order_acked":{"request_id":"e4b62c81-e39f-4bee-8bbe-3474c4ec87cf","status_code":201}}
{"event_type":"execution_report","timestamp":"2026-05-19T11:26:58.6249502+05:30","execution":{"order_id":"4d296712-f6c0-49d6-b6d5-504001f5c948","symbol":"TSLA","side":"SELL","status":"filled","filled_qty":63,"leaves_qty":0,"price":763.3,"timestamp":"2026-05-19T05:56:58Z","match_id":"70b2eda5-faf4-48bb-b07e-5ed32b0a98ed"}}
{"event_type":"order_acked","timestamp":"2026-05-19T11:26:58.6254939+05:30","order_acked":{"request_id":"76d196b7-b7f3-4e2f-a4da-104b155084cf","status_code":201}}
{"event_type":"execution_report","timestamp":"2026-05-19T11:26:58.6260468+05:30","execution":{"order_id":"381bc559-5e51-4591-b155-3b166bfd8de4","symbol":"TSLA","side":"BUY","status":"filled","filled_qty":21,"leaves_qty":0,"price":468.53,"timestamp":"2026-05-19T05:56:58Z","match_id":"c72aa487-dcf2-4690-952b-45d02c20d807"}}
{"event_type":"execution_report","timestamp":"2026-05-19T11:26:58.6283123+05:30","execution":{"order_id":"b2edce81-886f-4dc9-8c3d-9c1b90cc4d14","symbol":"AMZN","side":"SELL","status":"filled","filled_qty":88,"leaves_qty":0,"price":426.36,"timestamp":"2026-05-19T05:56:58Z","match_id":"ce4ce812-7910-4511-b103-912193000883"}}
{"event_type":"order_acked","timestamp":"2026-05-19T11:26:58.6310812+05:30","order_acked":{"request_id":"bade2cea-6213-49a0-9de9-f55aaffe82f3","status_code":201}}
{"event_type":"order_acked","timestamp":"2026-05-19T11:26:58.6337939+05:30","order_acked":{"request_id":"e290fd54-234c-419c-88c9-99ae1e04a065","status_code":201}}
{"event_type":"order_acked","timestamp":"2026-05-19T11:26:58.6403549+05:30","order_acked":{"request_id":"2454abdd-ef40-4751-8f90-2dbd681b9502","status_code":201}}
{"event_type":"execution_report","timestamp":"2026-05-19T11:26:58.6420049+05:30","execution":{"order_id":"723925b3-07ee-4207-bdfb-010ca204fe02","symbol":"AAPL","side":"BUY","status":"filled","filled_qty":58,"leaves_qty":0,"price":641.29,"timestamp":"2026-05-19T05:56:58Z","match_id":"0590ef9c-240a-44ae-a064-e6de60f266c6"}}
{"event_type":"order_acked","timestamp":"2026-05-19T11:26:58.6426004+05:30","order_acked":{"request_id":"c4b1e480-92d9-4cbc-abf5-fba7c3476042","status_code":201}}
{"event_type":"order_acked","timestamp":"2026-05-19T11:26:58.6437128+05:30","order_acked":{"request_id":"46b432a7-5596-47b6-b430-3eccdf21f3ad","status_code":201}}
{"event_type":"order_acked","timestamp":"2026-05-19T11:26:58.6470267+05:30","order_acked":{"request_id":"914ca052-0fdc-49c5-8aac-981fa088a78e","status_code":201}}
{"event_type":"execution_report","timestamp":"2026-05-19T11:26:58.6470267+05:30","execution":{"order_id":"40973286-3538-4716-8681-97a8cd361a2e","symbol":"AAPL","side":"BUY","status":"filled","filled_qty":18,"leaves_qty":0,"price":784.77,"timestamp":"2026-05-19T05:56:58Z","match_id":"e60b6176-7dfa-4f3c-b234-253b89744fdc"}}
{"event_type":"order_acked","timestamp":"2026-05-19T11:26:58.6515806+05:30","order_acked":{"request_id":"9563da66-2a3e-418f-9609-2944c216b1fc","status_code":201}}
{"event_type":"order_acked","timestamp":"2026-05-19T11:26:58.6543292+05:30","order_acked":{"request_id":"540749df-1721-4469-acf5-da2c48c87229","status_code":201}}
{"event_type":"execution_report","timestamp":"2026-05-19T11:26:58.6548702+05:30","execution":{"order_id":"6f1f38d3-44dd-4f94-864c-794911af40d1","symbol":"AAPL","side":"BUY","status":"filled","filled_qty":82,"leaves_qty":0,"price":125.49,"timestamp":"2026-05-19T05:56:58Z","match_id":"3ef7aad9-c928-4df3-82f0-82ea63e32117"}}
{"event_type":"execution_report","timestamp":"2026-05-19T11:26:58.6554269+05:30","execution":{"order_id":"8c1d2066-40a2-4570-81a9-967f3d534a67","symbol":"MSFT","side":"BUY","status":"filled","filled_qty":21,"leaves_qty":0,"price":297.05,"timestamp":"2026-05-19T05:56:58Z","match_id":"6ee206fd-66eb-46b6-b0d5-d5fbd7be25ed"}}
{"event_type":"execution_report","timestamp":"2026-05-19T11:26:58.6554269+05:30","execution":{"order_id":"f5826dfe-e27d-4a78-9017-5fcf3c6b3c65","symbol":"AMZN","side":"SELL","status":"filled","filled_qty":93,"leaves_qty":0,"price":176.56,"timestamp":"2026-05-19T05:56:58Z","match_id":"3995d2de-eb8c-46ce-8ee1-0c5ea5ec4d72"}}
{"event_type":"execution_report","timestamp":"2026-05-19T11:26:58.6582187+05:30","execution":{"order_id":"2ea651e9-fc15-481e-91c6-c4ab2dc96972","symbol":"MSFT","side":"SELL","status":"filled","filled_qty":59,"leaves_qty":0,"price":581.63,"timestamp":"2026-05-19T05:56:58Z","match_id":"863a6722-88fb-4890-adac-a4bec8552e7c"}}
{"event_type":"execution_report","timestamp":"2026-05-19T11:26:58.6582187+05:30","execution":{"order_id":"d52e3abb-1d6d-49ac-8a24-96f790cc92c9","symbol":"TSLA","side":"BUY","status":"filled","filled_qty":22,"leaves_qty":0,"price":241.99,"timestamp":"2026-05-19T05:56:58Z","match_id":"01b9400c-2abc-4420-98cd-014b70b6ede3"}}
{"event_type":"order_acked","timestamp":"2026-05-19T11:26:58.6598225+05:30","order_acked":{"request_id":"04b6d283-fcd3-491e-ba41-55f15b716204","status_code":201}}
{"event_type":"order_acked","timestamp":"2026-05-19T11:26:58.661437+05:30","order_acked":{"request_id":"a979081c-f9b7-48d1-9c34-bd46fd7c2f83","status_code":201}}
{"event_type":"order_acked","timestamp":"2026-05-19T11:26:58.6630286+05:30","order_acked":{"request_id":"829f22a6-a7ce-486d-84ff-db229e46d9e5","status_code":200}}
{"event_type":"execution_report","timestamp":"2026-05-19T11:26:58.6630286+05:30","execution":{"order_id":"be065451-2bad-43c2-930e-a5b671719c56","symbol":"AAPL","side":"SELL","status":"filled","filled_qty":15,"leaves_qty":0,"price":306.45,"timestamp":"2026-05-19T05:56:58Z","match_id":"a9b0e17e-c8a1-4df2-a525-15977ef6e9fe"}}
{"event_type":"order_acked","timestamp":"2026-05-19T11:26:58.6690916+05:30","order_acked":{"request_id":"2fec7ad6-e133-442d-b2ee-88f82a5e6262","status_code":200}}
{"event_type":"execution_report","timestamp":"2026-05-19T11:26:58.6701973+05:30","execution":{"order_id":"f08245d5-b0e6-40a2-bc01-725b917375ba","symbol":"TSLA","side":"BUY","status":"filled","filled_qty":82,"leaves_qty":0,"price":478.95,"timestamp":"2026-05-19T05:56:58Z","match_id":"286cf1d5-bf39-40b2-85e5-92e1866b452f"}}
{"event_type":"order_acked","timestamp":"2026-05-19T11:26:58.6723665+05:30","order_acked":{"request_id":"eaaa7716-10ba-4ac4-b5a0-ef31bd7275fa","status_code":201}}
{"event_type":"order_acked","timestamp":"2026-05-19T11:26:58.6745153+05:30","order_acked":{"request_id":"616f4d33-8c37-4a5b-984d-9efe0d1bfb81","status_code":201}}
{"event_type":"order_acked","timestamp":"2026-05-19T11:26:58.6777971+05:30","order_acked":{"request_id":"73947f2d-9fd8-4738-8e73-8853495b5948","status_code":201}}
{"event_type":"execution_report","timestamp":"2026-05-19T11:26:58.6805591+05:30","execution":{"order_id":"673df5fd-4a35-4a5d-a358-855e20aa10d6","symbol":"TSLA","side":"SELL","status":"filled","filled_qty":22,"leaves_qty":0,"price":272.82,"timestamp":"2026-05-19T05:56:58Z","match_id":"3c6d4d1a-f810-40ad-9b99-85de33a3ae83"}}
{"event_type":"order_acked","timestamp":"2026-05-19T11:26:58.6821888+05:30","order_acked":{"request_id":"a4ba2ca4-ebb5-4429-bbed-3adfeecd91d3","status_code":201}}
{"event_type":"order_acked","timestamp":"2026-05-19T11:26:58.6854721+05:30","order_acked":{"request_id":"8bc64c58-a458-4d0f-928c-af61532e04d1","status_code":201}}
{"event_type":"order_acked","timestamp":"2026-05-19T11:26:58.6871366+05:30","order_acked":{"request_id":"11caa20f-8683-4f39-ba82-08e729fbbd42","status_code":201}}
{"event_type":"execution_report","timestamp":"2026-05-19T11:26:58.6882288+05:30","execution":{"order_id":"bc90e58f-6d33-45a5-8775-f973478547b0","symbol":"MSFT","side":"BUY","status":"filled","filled_qty":78,"leaves_qty":0,"price":133.25,"timestamp":"2026-05-19T05:56:58Z","match_id":"477f9849-338d-473a-9a94-cd2cc771c0ac"}}
{"event_type":"execution_report","timestamp":"2026-05-19T11:26:58.6904295+05:30","execution":{"order_id":"e02dbf75-14c7-4892-a8de-9be253d21930","symbol":"GOOG","side":"BUY","status":"filled","filled_qty":87,"leaves_qty":0,"price":445.51,"timestamp":"2026-05-19T05:56:58Z","match_id":"0a514b1b-76a0-42e5-ada7-d18358003842"}}
{"event_type":"order_acked","timestamp":"2026-05-19T11:26:58.6915317+05:30","order_acked":{"request_id":"e4d9cd8c-eda4-448d-89f5-7ea444ae5027","status_code":201}}
{"event_type":"execution_report","timestamp":"2026-05-19T11:26:58.6937598+05:30","execution":{"order_id":"6416d306-8b39-4011-99b8-08329e56048b","symbol":"MSFT","side":"SELL","status":"filled","filled_qty":24,"leaves_qty":0,"price":516.48,"timestamp":"2026-05-19T05:56:58Z","match_id":"8bfc140f-a386-450a-a548-4b48c12ca071"}}
{"event_type":"order_acked","timestamp":"2026-05-19T11:26:58.6955819+05:30","order_acked":{"request_id":"7f733c8b-b900-48d6-b51c-045683ddafcf","status_code":200}}
{"event_type":"order_acked","timestamp":"2026-05-19T11:26:58.6999627+05:30","order_acked":{"request_id":"a67cb99f-2f7f-46e2-8952-eda9070978e9","status_code":201}}
{"event_type":"order_acked","timestamp":"2026-05-19T11:26:58.7022325+05:30","order_acked":{"request_id":"bacba88e-c5e2-44ff-b3bc-006490310de2","status_code":201}}
{"event_type":"order_acked","timestamp":"2026-05-19T11:26:58.7049832+05:30","order_acked":{"request_id":"89e2c33a-fcf1-45f2-9f70-e13aaca34b77","status_code":201}}
{"event_type":"order_acked","timestamp":"2026-05-19T11:26:58.7077561+05:30","order_acked":{"request_id":"816486b9-32eb-4a0f-a34d-27c04fc9bff8","status_code":200}}
{"event_type":"execution_report","timestamp":"2026-05-19T11:26:58.7088788+05:30","execution":{"order_id":"1c2181a6-2ed5-4b36-9cdc-ec06c54cb88d","symbol":"AMZN","side":"BUY","status":"filled","filled_qty":98,"leaves_qty":0,"price":745.13,"timestamp":"2026-05-19T05:56:58Z","match_id":"2ee9deb2-47fd-4bf4-b7f9-f16856a0d244"}}
