{"event_type":"order_sent","timestamp":"2026-05-19T17:54:30.9724671+05:30","order_sent":{"request_id":"1a3a9847-2beb-4f56-a679-d92814a1de52","order_id":"","type":"LIMIT","symbol":"AAPL","side":"BUY","price":857.43,"quantity":75}}
{"event_type":"order_sent","timestamp":"2026-05-19T17:54:30.9724671+05:30","order_sent":{"request_id":"2d5cf504-184d-4db9-9b4c-0888f5a6e1c6","order_id":"ord-5066589690770938735","type":"CANCEL","symbol":"","side":""}}
{"event_type":"order_sent","timestamp":"2026-05-19T17:54:30.9724671+05:30","order_sent":{"request_id":"15366ea2-cbbe-4d44-960c-75f7a179d44b","order_id":"","type":"LIMIT","symbol":"GOOG","side":"BUY","price":118.17,"quantity":90}}
{"event_type":"order_sent","timestamp":"2026-05-19T17:54:30.9729945+05:30","order_sent":{"request_id":"0d1dcc8a-c6ad-4063-ae3a-0954f7b673e4","order_id":"","type":"LIMIT","symbol":"TSLA","side":"BUY","price":626.5,"quantity":48}}
{"event_type":"order_sent","timestamp":"2026-05-19T17:54:30.9729945+05:30","order_sent":{"request_id":"e001da79-ce0e-49ef-a1b3-17744b37139c","order_id":"ord-5922850771211969602","type":"CANCEL","symbol":"","side":""}}
{"event_type":"order_sent","timestamp":"2026-05-19T17:54:30.9729945+05:30","order_sent":{"request_id":"91988205-93fc-4ef1-8792-bb55448fad5a","order_id":"","type":"MARKET","symbol":"AAPL","side":"SELL","quantity":50}}
{"event_type":"order_sent","timestamp":"2026-05-19T17:54:30.9729945+05:30","order_sent":{"request_id":"a4ebcf1e-ce74-4a76-8b2b-47bfb2ba9bcd","order_id":"","type":"MARKET","symbol":"GOOG","side":"SELL","quantity":36}}
{"event_type":"order_sent","timestamp":"2026-05-19T17:54:30.9729945+05:30","order_sent":{"request_id":"fbef1c26-52ee-49de-ab2f-259fb2c68d69","order_id":"","type":"LIMIT","symbol":"AMZN","side":"SELL","price":799.83,"quantity":93}}
{"event_type":"order_sent","timestamp":"2026-05-19T17:54:30.9740208+05:30","order_sent":{"request_id":"5e7b196f-52cc-492a-94ab-0e7662b9714e","order_id":"ord-6200427946968756724","type":"CANCEL","symbol":"","side":""}}
{"event_type":"order_sent","timestamp":"2026-05-19T17:54:30.9740208+05:30","order_sent":{"request_id":"f89734dc-9bd7-43cb-965f-622215901961","order_id":"","type":"LIMIT","symbol":"MSFT","side":"BUY","price":655.83,"quantity":7}}
{"event_type":"order_sent","timestamp":"2026-05-19T17:54:30.9740208+05:30","order_sent":{"request_id":"4295a2cf-8be5-4b9d-a19c-0c985c0a7e27","order_id":"","type":"LIMIT","symbol":"MSFT","side":"SELL","price":718.31,"quantity":23}}
{"event_type":"order_sent","timestamp":"2026-05-19T17:54:30.9740208+05:30","order_sent":{"request_id":"de625c1e-6763-4b7b-97dd-c33a516bb1ea","order_id":"ord-3262114491129657595","type":"CANCEL","symbol":"","side":""}}
{"event_type":"order_sent","timestamp":"2026-05-19T17:54:30.9740208+05:30","order_sent":{"request_id":"00471d8e-8408-4783-af86-5564c67b383e","order_id":"","type":"LIMIT","symbol":"GOOG","side":"SELL","price":426.24,"quantity":15}}
{"event_type":"order_sent","timestamp":"2026-05-19T17:54:30.9740208+05:30","order_sent":{"request_id":"359e2626-d8c0-47b9-ab06-7545bf140ecc","order_id":"","type":"LIMIT","symbol":"AMZN","side":"BUY","price":839.7,"quantity":96}}
{"event_type":"order_sent","timestamp":"2026-05-19T17:54:30.9729945+05:30","order_sent":{"request_id":"4cdd7859-a84b-4c31-858d-32ec44169a0b","order_id":"ord-5065407943302637915","type":"CANCEL","symbol":"","side":""}}
{"event_type":"order_sent","timestamp":"2026-05-19T17:54:30.9740208+05:30","order_sent":{"request_id":"ee148c5c-9b52-4670-b3b5-8cd750b1cd87","order_id":"ord-910635056547891415","type":"CANCEL","symbol":"","side":""}}
{"event_type":"order_sent","timestamp":"2026-05-19T17:54:30.9743586+05:30","order_sent":{"request_id":"2be24046-860a-4499-83d3-f960252f725f","order_id":"ord-7760109080129877176","type":"CANCEL","symbol":"","side":""}}
{"event_type":"order_sent","timestamp":"2026-05-19T17:54:30.9740208+05:30","order_sent":{"request_id":"1292bebb-22f7-44b2-929e-31e73f2388a5","order_id":"","type":"MARKET","symbol":"GOOG","side":"SELL","quantity":47}}
{"event_type":"order_sent","timestamp":"2026-05-19T17:54:30.9729945+05:30","order_sent":{"request_id":"a2dc7280-14e5-4466-8e23-a2d9d11530c2","order_id":"","type":"MARKET","symbol":"AAPL","side":"BUY","quantity":34}}
{"event_type":"order_sent","timestamp":"2026-05-19T17:54:30.9724671+05:30","order_sent":{"request_id":"79220f0b-aa05-43a7-b98e-762cbdeb1c95","order_id":"","type":"LIMIT","symbol":"GOOG","side":"SELL","price":817.77,"quantity":68}}
{"event_type":"order_sent","timestamp":"2026-05-19T17:54:30.9743586+05:30","order_sent":{"request_id":"fcdfbe67-0308-4e56-9647-f83299b8581d","order_id":"ord-3943261801909313304","type":"CANCEL","symbol":"","side":""}}
{"event_type":"order_sent","timestamp":"2026-05-19T17:54:30.9740208+05:30","order_sent":{"request_id":"4f20724f-0b62-4bbf-b7e3-a20b9302c056","order_id":"ord-8729804995323739303","type":"CANCEL","symbol":"","side":""}}
{"event_type":"order_sent","timestamp":"2026-05-19T17:54:30.9740208+05:30","order_sent":{"request_id":"a806c28e-4278-4176-8e42-a6b69e49d44f","order_id":"","type":"LIMIT","symbol":"AMZN","side":"SELL","price":285.45,"quantity":6}}
{"event_type":"order_sent","timestamp":"2026-05-19T17:54:30.9724671+05:30","order_sent":{"request_id":"de8eece5-4c40-4bbe-9d0e-8ee82860e2da","order_id":"","type":"MARKET","symbol":"MSFT","side":"SELL","quantity":35}}
{"event_type":"order_sent","timestamp":"2026-05-19T17:54:30.9724671+05:30","order_sent":{"request_id":"055cdb9c-96b3-47dd-93bf-00c4e1b2b713","order_id":"ord-5052075796857645864","type":"CANCEL","symbol":"","side":""}}
{"event_type":"order_sent","timestamp":"2026-05-19T17:54:30.9724671+05:30","order_sent":{"request_id":"cfe6babe-be69-436b-9feb-d7e1ae5ba12f","order_id":"ord-7611033745236875226","type":"CANCEL","symbol":"","side":""}}
{"event_type":"order_sent","timestamp":"2026-05-19T17:54:30.9724671+05:30","order_sent":{"request_id":"0b7a22b8-888b-4372-8faa-9e90ea003c54","order_id":"ord-7009248722102900504","type":"CANCEL","symbol":"","side":""}}
{"event_type":"order_sent","timestamp":"2026-05-19T17:54:30.9724671+05:30","order_sent":{"request_id":"94cd0586-ba7c-4afa-8222-047019e3c79b","order_id":"","type":"LIMIT","symbol":"AAPL","side":"BUY","price":457.45,"quantity":90}}
{"event_type":"order_sent","timestamp":"2026-05-19T17:54:30.9724671+05:30","order_sent":{"request_id":"10d72c49-1181-4c6a-b80b-72ab2c252e70","order_id":"","type":"MARKET","symbol":"AAPL","side":"SELL","quantity":30}}
{"event_type":"order_sent","timestamp":"2026-05-19T17:54:30.9724671+05:30","order_sent":{"request_id":"9c9698e0-34ad-4d00-9f17-2368d612ba65","order_id":"","type":"MARKET","symbol":"MSFT","side":"SELL","quantity":34}}
{"event_type":"order_sent","timestamp":"2026-05-19T17:54:30.9724671+05:30","order_sent":{"request_id":"e07ebb51-ca33-4ccb-8d63-bf9bb27b61ed","order_id":"","type":"LIMIT","symbol":"AAPL","side":"BUY","price":895.75,"quantity":50}}
{"event_type":"order_sent","timestamp":"2026-05-19T17:54:30.9724671+05:30","order_sent":{"request_id":"d654e222-0c49-42bf-9ea1-1c8d63f7b3fd","order_id":"","type":"LIMIT","symbol":"TSLA","side":"SELL","price":854.35,"quantity":48}}
{"event_type":"order_sent","timestamp":"2026-05-19T17:54:30.9724671+05:30","order_sent":{"request_id":"ce31d129-a7d6-46ae-82ef-726727f29c61","order_id":"","type":"MARKET","symbol":"MSFT","side":"BUY","quantity":38}}
{"event_type":"order_sent","timestamp":"2026-05-19T17:54:30.9724671+05:30","order_sent":{"request_id":"22cbf15a-4e4b-4550-8767-8a6c09a77e84","order_id":"","type":"LIMIT","symbol":"AMZN","side":"SELL","price":165,"quantity":60}}
{"event_type":"order_sent","timestamp":"2026-05-19T17:54:30.9724671+05:30","order_sent":{"request_id":"fcbee829-c318-463c-a594-c3496a912ac0","order_id":"","type":"LIMIT","symbol":"AAPL","side":"BUY","price":993.79,"quantity":92}}
{"event_type":"order_sent","timestamp":"2026-05-19T17:54:30.9724671+05:30","order_sent":{"request_id":"df22c95b-1067-4c8c-92d9-2b330dfe8e4c","order_id":"","type":"MARKET","symbol":"MSFT","side":"BUY","quantity":1}}
{"event_type":"order_sent","timestamp":"2026-05-19T17:54:30.9724671+05:30","order_sent":{"request_id":"d46f1ba6-1aa0-4bc5-b143-49a7627f22ab","order_id":"","type":"MARKET","symbol":"GOOG","side":"BUY","quantity":26}}
{"event_type":"order_sent","timestamp":"2026-05-19T17:54:30.9724671+05:30","order_sent":{"request_id":"2d73fb31-e3d1-4ca0-8df4-2820eb86e5d7","order_id":"","type":"LIMIT","symbol":"AAPL","side":"SELL","price":141.83,"quantity":37}}
{"event_type":"order_sent","timestamp":"2026-05-19T17:54:30.9724671+05:30","order_sent":{"request_id":"b4be64e1-8f5a-4466-bd5f-636b72dd521a","order_id":"","type":"MARKET","symbol":"GOOG","side":"BUY","quantity":50}}
{"event_type":"order_sent","timestamp":"2026-05-19T17:54:30.9724671+05:30","order_sent":{"request_id":"4c1fc6af-0aa4-4e7d-8c55-f32f8a3cbd5f","order_id":"","type":"MARKET","symbol":"TSLA","side":"BUY","quantity":24}}
{"event_type":"order_sent","timestamp":"2026-05-19T17:54:30.9724671+05:30","order_sent":{"request_id":"99ec1899-4b23-44b6-81b2-44d4da65a7b6","order_id":"","type":"LIMIT","symbol":"MSFT","side":"BUY","price":912.15,"quantity":16}}
{"event_type":"order_sent","timestamp":"2026-05-19T17:54:30.9724671+05:30","order_sent":{"request_id":"670930b4-97c8-49b3-81ea-4d59d238146f","order_id":"","type":"MARKET","symbol":"TSLA","side":"SELL","quantity":45}}
{"event_type":"order_sent","timestamp":"2026-05-19T17:54:30.9724671+05:30","order_sent":{"request_id":"e959a593-94d8-4dc5-9d0a-f6871f4e41d4","order_id":"","type":"MARKET","symbol":"AAPL","side":"BUY","quantity":25}}
{"event_type":"order_sent","timestamp":"2026-05-19T17:54:30.9724671+05:30","order_sent":{"request_id":"47da5f78-b902-4014-9b8c-f91f941e8bf9","order_id":"","type":"LIMIT","symbol":"MSFT","side":"SELL","price":233.79,"quantity":2}}
{"event_type":"order_sent","timestamp":"2026-05-19T17:54:30.9724671+05:30","order_sent":{"request_id":"eb49a419-e587-4c27-8e5b-75c004b48b48","order_id":"","type":"LIMIT","symbol":"AAPL","side":"SELL","price":374.85,"quantity":36}}
{"event_type":"order_sent","timestamp":"2026-05-19T17:54:30.9724671+05:30","order_sent":{"request_id":"d48f1ad7-050d-48ec-8ef0-78fa3369fefa","order_id":"","type":"LIMIT","symbol":"TSLA","side":"BUY","price":749.35,"quantity":65}}
{"event_type":"order_sent","timestamp":"2026-05-19T17:54:30.9724671+05:30","order_sent":{"request_id":"18716846-7029-4011-be8f-3c96a51ff49c","order_id":"","type":"LIMIT","symbol":"AAPL","side":"SELL","price":242.8,"quantity":2}}
{"event_type":"order_sent","timestamp":"2026-05-19T17:54:30.9724671+05:30","order_sent":{"request_id":"b74d3e9b-2361-4677-b795-8268a4f8c38b","order_id":"","type":"LIMIT","symbol":"TSLA","side":"BUY","price":542.87,"quantity":19}}
{"event_type":"order_sent","timestamp":"2026-05-19T17:54:30.9724671+05:30","order_sent":{"request_id":"a5233d64-b90c-4074-b381-5de89878d093","order_id":"ord-7873613041068757129","type":"CANCEL","symbol":"","side":""}}
{"event_type":"order_sent","timestamp":"2026-05-19T17:54:30.9724671+05:30","order_sent":{"request_id":"6fbf0326-eb6e-4df0-88a3-5b1f78d461fd","order_id":"","type":"MARKET","symbol":"AAPL","side":"SELL","quantity":2}}
{"event_type":"order_sent","timestamp":"2026-05-19T17:54:30.9724671+05:30","order_sent":{"request_id":"92a6afb2-84ca-4451-b382-108b5972f46b","order_id":"","type":"MARKET","symbol":"AAPL","side":"BUY","quantity":42}}
{"event_type":"order_sent","timestamp":"2026-05-19T17:54:30.9724671+05:30","order_sent":{"request_id":"865b6a86-e66c-4e4e-9316-52055c2632f0","order_id":"","type":"MARKET","symbol":"GOOG","side":"BUY","quantity":12}}
{"event_type":"order_sent","timestamp":"2026-05-19T17:54:30.9724671+05:30","order_sent":{"request_id":"addebe0a-8004-4507-a3d4-51a2e437ce0f","order_id":"","type":"MARKET","symbol":"AMZN","side":"SELL","quantity":19}}
{"event_type":"order_sent","timestamp":"2026-05-19T17:54:30.9724671+05:30","order_sent":{"request_id":"476bfa08-1889-48a5-a414-4e2779267be7","order_id":"","type":"MARKET","symbol":"AAPL","side":"BUY","quantity":21}}
{"event_type":"order_sent","timestamp":"2026-05-19T17:54:30.9724671+05:30","order_sent":{"request_id":"38982091-c982-4f9a-b50b-76f2306315ff","order_id":"","type":"LIMIT","symbol":"MSFT","side":"BUY","price":370.73,"quantity":97}}
{"event_type":"order_sent","timestamp":"2026-05-19T17:54:30.9724671+05:30","order_sent":{"request_id":"da1154d9-96f5-4e2f-a1fa-1a889ac63b4f","order_id":"ord-5283611972293637890","type":"CANCEL","symbol":"","side":""}}
{"event_type":"order_sent","timestamp":"2026-05-19T17:54:30.9724671+05:30","order_sent":{"request_id":"dfd4b37f-8545-4d9a-a799-c07ec0066a2b","order_id":"","type":"LIMIT","symbol":"GOOG","side":"BUY","price":718.89,"quantity":50}}
{"event_type":"order_sent","timestamp":"2026-05-19T17:54:30.9729945+05:30","order_sent":{"request_id":"7e35f08c-d665-4f2d-befa-e224ceac0eb4","order_id":"","type":"LIMIT","symbol":"TSLA","side":"SELL","price":291.24,"quantity":78}}
{"event_type":"order_sent","timestamp":"2026-05-19T17:54:30.9729945+05:30","order_sent":{"request_id":"a4b62da8-1b2e-43e1-882d-253997260111","order_id":"","type":"LIMIT","symbol":"AAPL","side":"BUY","price":164.64,"quantity":85}}
{"event_type":"order_sent","timestamp":"2026-05-19T17:54:30.9729945+05:30","order_sent":{"request_id":"a081c972-3e2a-49df-84ce-5cbb6b52764b","order_id":"","type":"MARKET","symbol":"MSFT","side":"BUY","quantity":28}}
{"event_type":"order_sent","timestamp":"2026-05-19T17:54:30.9729945+05:30","order_sent":{"request_id":"cd642c3d-96cf-4da7-8ba8-3a03b8456ff4","order_id":"","type":"LIMIT","symbol":"GOOG","side":"BUY","price":997.63,"quantity":68}}
{"event_type":"order_sent","timestamp":"2026-05-19T17:54:30.9729945+05:30","order_sent":{"request_id":"19e9f15e-9f17-4a4a-915f-11a662c30c74","order_id":"","type":"LIMIT","symbol":"AMZN","side":"BUY","price":258.53,"quantity":16}}
{"event_type":"order_sent","timestamp":"2026-05-19T17:54:30.9729945+05:30","order_sent":{"request_id":"c52993e9-6cac-4caf-b6a6-9e33cdd72915","order_id":"","type":"MARKET","symbol":"TSLA","side":"SELL","quantity":45}}
{"event_type":"order_sent","timestamp":"2026-05-19T17:54:30.9729945+05:30","order_sent":{"request_id":"fd181a9a-2928-4b78-8c00-7bb79435e52f","order_id":"","type":"LIMIT","symbol":"AMZN","side":"BUY","price":371.31,"quantity":71}}
{"event_type":"order_sent","timestamp":"2026-05-19T17:54:30.9729945+05:30","order_sent":{"request_id":"7b8dd00f-074b-4d93-b246-ba274a33473a","order_id":"","type":"LIMIT","symbol":"AMZN","side":"SELL","price":728.7,"quantity":18}}
{"event_type":"order_sent","timestamp":"2026-05-19T17:54:30.9729945+05:30","order_sent":{"request_id":"4cadb0c5-d3fe-4ff6-a78f-49ad2ad355df","order_id":"","type":"MARKET","symbol":"GOOG","side":"SELL","quantity":6}}
{"event_type":"order_sent","timestamp":"2026-05-19T17:54:30.9729945+05:30","order_sent":{"request_id":"ab9db3e0-e995-443e-b35b-dab8c881748f","order_id":"","type":"MARKET","symbol":"AMZN","side":"BUY","quantity":28}}
{"event_type":"order_sent","timestamp":"2026-05-19T17:54:30.9729945+05:30","order_sent":{"request_id":"4cd577e9-f96b-4b6c-a425-efc64e8c133a","order_id":"","type":"LIMIT","symbol":"TSLA","side":"SELL","price":965.04,"quantity":3}}
{"event_type":"order_sent","timestamp":"2026-05-19T17:54:30.9729945+05:30","order_sent":{"request_id":"664e5ee3-979d-434b-a680-9a4aa2d7a964","order_id":"","type":"LIMIT","symbol":"TSLA","side":"BUY","price":556.69,"quantity":86}}
{"event_type":"order_sent","timestamp":"2026-05-19T17:54:30.9729945+05:30","order_sent":{"request_id":"d2b65bb0-f9dc-4492-a25d-4e4bbc559a5d","order_id":"","type":"MARKET","symbol":"AAPL","side":"SELL","quantity":31}}
{"event_type":"order_sent","timestamp":"2026-05-19T17:54:30.9729945+05:30","order_sent":{"request_id":"4df0769a-1418-4714-9cc2-2e82a749aa7e","order_id":"","type":"LIMIT","symbol":"GOOG","side":"BUY","price":579.42,"quantity":2}}
{"event_type":"order_sent","timestamp":"2026-05-19T17:54:30.9729945+05:30","order_sent":{"request_id":"94c08523-3c52-45db-ad10-b88b496bc5ad","order_id":"ord-6920818568572646077","type":"CANCEL","symbol":"","side":""}}
{"event_type":"order_sent","timestamp":"2026-05-19T17:54:30.9729945+05:30","order_sent":{"request_id":"443dab68-f4bb-459e-86c8-9dd165f443c4","order_id":"","type":"LIMIT","symbol":"MSFT","side":"BUY","price":581.35,"quantity":95}}
{"event_type":"order_sent","timestamp":"2026-05-19T17:54:30.9729945+05:30","order_sent":{"request_id":"15a216e2-3c1f-41ac-a436-0a0a9bbe5cd1","order_id":"","type":"LIMIT","symbol":"AAPL","side":"SELL","price":327.18,"quantity":40}}
{"event_type":"order_sent","timestamp":"2026-05-19T17:54:30.9729945+05:30","order_sent":{"request_id":"e14c70f0-6a0c-4a5d-babd-a07fc471c1a2","order_id":"","type":"LIMIT","symbol":"GOOG","side":"BUY","price":479.97,"quantity":37}}
{"event_type":"order_sent","timestamp":"2026-05-19T17:54:30.9729945+05:30","order_sent":{"request_id":"a37add7e-5ccf-4522-9a6d-cbf7b96a6a2c","order_id":"","type":"MARKET","symbol":"GOOG","side":"SELL","quantity":43}}
{"event_type":"order_sent","timestamp":"2026-05-19T17:54:30.9729945+05:30","order_sent":{"request_id":"74482333-3a62-43e2-9643-0b4cefcceb54","order_id":"ord-2684402394348918968","type":"CANCEL","symbol":"","side":""}}
{"event_type":"order_sent","timestamp":"2026-05-19T17:54:30.9729945+05:30","order_sent":{"request_id":"5e6065b6-3e99-4135-a06b-e252a372e2ca","order_id":"","type":"MARKET","symbol":"AMZN","side":"BUY","quantity":19}}
{"event_type":"order_sent","timestamp":"2026-05-19T17:54:30.9729945+05:30","order_sent":{"request_id":"d73a0355-2c14-4926-9240-8800733fd1c7","order_id":"","type":"LIMIT","symbol":"AMZN","side":"SELL","price":726.62,"quantity":100}}
{"event_type":"order_sent","timestamp":"2026-05-19T17:54:30.9729945+05:30","order_sent":{"request_id":"f7a5e7a3-bf9c-4c10-87b1-e70e7ee10d46","order_id":"","type":"MARKET","symbol":"AMZN","side":"BUY","quantity":18}}
{"event_type":"order_sent","timestamp":"2026-05-19T17:54:30.9729945+05:30","order_sent":{"request_id":"a2df1739-6e0f-4682-84d6-39ba52f5f221","order_id":"ord-7734051327448850512","type":"CANCEL","symbol":"","side":""}}
{"event_type":"order_sent","timestamp":"2026-05-19T17:54:30.9729945+05:30","order_sent":{"request_id":"a76e22b9-1a20-47d6-9eff-b14a1b7664d2","order_id":"ord-7117727232068042764","type":"CANCEL","symbol":"","side":""}}
{"event_type":"order_sent","timestamp":"2026-05-19T17:54:30.9729945+05:30","order_sent":{"request_id":"6f9feb02-f12a-44c7-b339-ab5988ab0b0b","order_id":"","type":"LIMIT","symbol":"AAPL","side":"BUY","price":944.23,"quantity":4}}
{"event_type":"order_sent","timestamp":"2026-05-19T17:54:30.9729945+05:30","order_sent":{"request_id":"7a602ded-8682-4f91-afc6-03164742b5c1","order_id":"","type":"MARKET","symbol":"MSFT","side":"BUY","quantity":3}}
{"event_type":"order_sent","timestamp":"2026-05-19T17:54:30.9729945+05:30","order_sent":{"request_id":"3a01c186-bbe8-4cab-a590-7d86bdbd6eff","order_id":"","type":"LIMIT","symbol":"TSLA","side":"BUY","price":164.07,"quantity":50}}
{"event_type":"order_sent","timestamp":"2026-05-19T17:54:30.9729945+05:30","order_sent":{"request_id":"49b06179-e712-412a-ba5e-cd1da122dfc2","order_id":"","type":"LIMIT","symbol":"TSLA","side":"BUY","price":250.48,"quantity":98}}
{"event_type":"order_sent","timestamp":"2026-05-19T17:54:30.9729945+05:30","order_sent":{"request_id":"182efee1-97cf-4e54-8e45-441615a56ea2","order_id":"","type":"LIMIT","symbol":"TSLA","side":"BUY","price":515.68,"quantity":100}}
{"event_type":"order_sent","timestamp":"2026-05-19T17:54:30.9729945+05:30","order_sent":{"request_id":"716d8b41-857b-4959-959a-4eea38cef583","order_id":"","type":"MARKET","symbol":"GOOG","side":"BUY","quantity":18}}
{"event_type":"order_acked","timestamp":"2026-05-19T17:54:31.0041871+05:30","order_acked":{"request_id":"e001da79-ce0e-49ef-a1b3-17744b37139c","status_code":200}}
{"event_type":"order_sent","timestamp":"2026-05-19T17:54:30.9729945+05:30","order_sent":{"request_id":"686448e0-7eaa-414c-828c-8a670a74f203","order_id":"","type":"MARKET","symbol":"AAPL","side":"BUY","quantity":50}}
{"event_type":"order_sent","timestamp":"2026-05-19T17:54:30.9724671+05:30","order_sent":{"request_id":"4ebdc1ff-b86e-4602-8417-1b7f82e836f8","order_id":"","type":"MARKET","symbol":"AMZN","side":"BUY","quantity":14}}
{"event_type":"order_sent","timestamp":"2026-05-19T17:54:30.9729945+05:30","order_sent":{"request_id":"3220d2f3-a45a-4c95-ba58-189f292eae95","order_id":"","type":"MARKET","symbol":"AMZN","side":"SELL","quantity":26}}
{"event_type":"order_sent","timestamp":"2026-05-19T17:54:30.9729945+05:30","order_sent":{"request_id":"94bfd895-b016-40cd-8259-dae2a11c938d","order_id":"","type":"LIMIT","symbol":"AMZN","side":"SELL","price":143.77,"quantity":20}}
{"event_type":"order_sent","timestamp":"2026-05-19T17:54:30.9729945+05:30","order_sent":{"request_id":"8cd5e416-88d1-4662-9167-2107c5497252","order_id":"","type":"LIMIT","symbol":"AAPL","side":"BUY","price":192.54,"quantity":46}}
{"event_type":"order_sent","timestamp":"2026-05-19T17:54:30.9729945+05:30","order_sent":{"request_id":"7a031aa6-da75-433e-9bfd-8a809011702c","order_id":"","type":"LIMIT","symbol":"GOOG","side":"BUY","price":604.14,"quantity":15}}
{"event_type":"order_sent","timestamp":"2026-05-19T17:54:30.9729945+05:30","order_sent":{"request_id":"13b35c72-7837-46a7-a08d-44342e0ad73c","order_id":"ord-8575079069988411050","type":"CANCEL","symbol":"","side":""}}
{"event_type":"order_sent","timestamp":"2026-05-19T17:54:30.9729945+05:30","order_sent":{"request_id":"dbcc4025-4a10-4765-8e29-f23afb0b2a75","order_id":"","type":"LIMIT","symbol":"MSFT","side":"SELL","price":419.19,"quantity":88}}
{"event_type":"order_sent","timestamp":"2026-05-19T17:54:30.9729945+05:30","order_sent":{"request_id":"d1cb7fbe-9c64-4e55-a19b-725521eed1fe","order_id":"","type":"LIMIT","symbol":"AAPL","side":"SELL","price":206.17,"quantity":26}}
{"event_type":"order_sent","timestamp":"2026-05-19T17:54:30.9729945+05:30","order_sent":{"request_id":"493cef08-004d-4ea9-8566-6406f82eb3d3","order_id":"","type":"LIMIT","symbol":"GOOG","side":"BUY","price":599.67,"quantity":29}}
{"event_type":"order_sent","timestamp":"2026-05-19T17:54:30.9729945+05:30","order_sent":{"request_id":"c6680e7d-400c-4751-957f-08d23dfea81f","order_id":"","type":"MARKET","symbol":"GOOG","side":"SELL","quantity":3}}
{"event_type":"order_sent","timestamp":"2026-05-19T17:54:30.9743586+05:30","order_sent":{"request_id":"ea992240-f954-424c-b3d1-969f8d59e062","order_id":"","type":"MARKET","symbol":"TSLA","side":"BUY","quantity":41}}
{"event_type":"order_acked","timestamp":"2026-05-19T17:54:30.9998489+05:30","order_acked":{"request_id":"4cdd7859-a84b-4c31-858d-32ec44169a0b","status_code":200}}
{"event_type":"order_acked","timestamp":"2026-05-19T17:54:31.0021583+05:30","order_acked":{"request_id":"a4ebcf1e-ce74-4a76-8b2b-47bfb2ba9bcd","status_code":201}}
{"event_type":"order_acked","timestamp":"2026-05-19T17:54:31.0106536+05:30","order_acked":{"request_id":"1a3a9847-2beb-4f56-a679-d92814a1de52","status_code":201}}
{"event_type":"order_acked","timestamp":"2026-05-19T17:54:31.0125175+05:30","order_acked":{"request_id":"5e7b196f-52cc-492a-94ab-0e7662b9714e","status_code":200}}
{"event_type":"execution_report","timestamp":"2026-05-19T17:54:31.021803+05:30","execution":{"order_id":"266cafe4-5cc9-4c47-9828-bf63663d17d2","symbol":"GOOG","side":"BUY","status":"filled","filled_qty":90,"leaves_qty":0,"price":118.17,"timestamp":"2026-05-19T12:24:31Z","match_id":"68acec3d-cff2-460d-81b5-6d8adb102f8f"}}
{"event_type":"order_acked","timestamp":"2026-05-19T17:54:31.0231367+05:30","order_acked":{"request_id":"15366ea2-cbbe-4d44-960c-75f7a179d44b","status_code":201}}
{"event_type":"execution_report","timestamp":"2026-05-19T17:54:31.027746+05:30","execution":{"order_id":"b2d2a29d-5811-42df-b37c-d49d242dd6af","symbol":"AAPL","side":"BUY","status":"filled","filled_qty":75,"leaves_qty":0,"price":857.43,"timestamp":"2026-05-19T12:24:31Z","match_id":"cfdb54c9-22c3-404e-9914-e7721da1d532"}}
{"event_type":"order_acked","timestamp":"2026-05-19T17:54:31.0294417+05:30","order_acked":{"request_id":"2d5cf504-184d-4db9-9b4c-0888f5a6e1c6","status_code":200}}
{"event_type":"order_acked","timestamp":"2026-05-19T17:54:31.0318797+05:30","order_acked":{"request_id":"fbef1c26-52ee-49de-ab2f-259fb2c68d69","status_code":201}}
{"event_type":"execution_report","timestamp":"2026-05-19T17:54:31.0417515+05:30","execution":{"order_id":"425214ed-f276-4c07-898d-0199a5ba238d","symbol":"AMZN","side":"SELL","status":"filled","filled_qty":93,"leaves_qty":0,"price":799.83,"timestamp":"2026-05-19T12:24:31Z","match_id":"be12b22d-18d6-46d9-a85d-ebc21bb0efda"}}
{"event_type":"order_acked","timestamp":"2026-05-19T17:54:31.0473748+05:30","order_acked":{"request_id":"d46f1ba6-1aa0-4bc5-b143-49a7627f22ab","status_code":201}}
{"event_type":"order_acked","timestamp":"2026-05-19T17:54:31.0490265+05:30","order_acked":{"request_id":"0d1dcc8a-c6ad-4063-ae3a-0954f7b673e4","status_code":201}}
{"event_type":"order_acked","timestamp":"2026-05-19T17:54:31.0504546+05:30","order_acked":{"request_id":"2be24046-860a-4499-83d3-f960252f725f","status_code":200}}
{"event_type":"order_acked","timestamp":"2026-05-19T17:54:31.0526277+05:30","order_acked":{"request_id":"4295a2cf-8be5-4b9d-a19c-0c985c0a7e27","status_code":201}}
{"event_type":"execution_report","timestamp":"2026-05-19T17:54:31.0531686+05:30","execution":{"order_id":"64cdf0fa-afaf-4024-b562-e868d33a07c9","symbol":"TSLA","side":"BUY","status":"filled","filled_qty":48,"leaves_qty":0,"price":626.5,"timestamp":"2026-05-19T12:24:31Z","match_id":"aabc1001-e323-4c59-bc45-5398e3e9f1c1"}}
{"event_type":"execution_report","timestamp":"2026-05-19T17:54:31.055683+05:30","execution":{"order_id":"db3943b4-27ab-4a9f-a17d-6ba172857c67","symbol":"MSFT","side":"SELL","status":"filled","filled_qty":23,"leaves_qty":0,"price":718.31,"timestamp":"2026-05-19T12:24:31Z","match_id":"3fcff478-84b6-48d6-abb7-bb9eebb3c881"}}
{"event_type":"order_acked","timestamp":"2026-05-19T17:54:31.0567578+05:30","order_acked":{"request_id":"a2df1739-6e0f-4682-84d6-39ba52f5f221","status_code":200}}
{"event_type":"order_acked","timestamp":"2026-05-19T17:54:31.0620986+05:30","order_acked":{"request_id":"4f20724f-0b62-4bbf-b7e3-a20b9302c056","status_code":200}}
{"event_type":"order_acked","timestamp":"2026-05-19T17:54:31.0647657+05:30","order_acked":{"request_id":"2d73fb31-e3d1-4ca0-8df4-2820eb86e5d7","status_code":201}}
{"event_type":"order_acked","timestamp":"2026-05-19T17:54:31.0684752+05:30","order_acked":{"request_id":"a2dc7280-14e5-4466-8e23-a2d9d11530c2","status_code":201}}
{"event_type":"execution_report","timestamp":"2026-05-19T17:54:31.0743996+05:30","execution":{"order_id":"99da2cfa-4dc7-4688-9d86-43912c763b6e","symbol":"AAPL","side":"SELL","status":"filled","filled_qty":37,"leaves_qty":0,"price":141.83,"timestamp":"2026-05-19T12:24:31Z","match_id":"2a9966db-8178-4fc5-98c2-9383c00cf247"}}
{"event_type":"order_acked","timestamp":"2026-05-19T17:54:31.0750023+05:30","order_acked":{"request_id":"fcbee829-c318-463c-a594-c3496a912ac0","status_code":201}}
{"event_type":"execution_report","timestamp":"2026-05-19T17:54:31.079062+05:30","execution":{"order_id":"737507d6-c1b9-42ae-8318-a60357c253af","symbol":"AAPL","side":"BUY","status":"filled","filled_qty":92,"leaves_qty":0,"price":993.79,"timestamp":"2026-05-19T12:24:31Z","match_id":"de9379a0-a43a-43bf-bb46-2e391523ced3"}}
{"event_type":"order_acked","timestamp":"2026-05-19T17:54:31.0807102+05:30","order_acked":{"request_id":"1292bebb-22f7-44b2-929e-31e73f2388a5","status_code":201}}
{"event_type":"order_acked","timestamp":"2026-05-19T17:54:31.0812415+05:30","order_acked":{"request_id":"99ec1899-4b23-44b6-81b2-44d4da65a7b6","status_code":201}}
{"event_type":"order_acked","timestamp":"2026-05-19T17:54:31.0845598+05:30","order_acked":{"request_id":"79220f0b-aa05-43a7-b98e-762cbdeb1c95","status_code":201}}
{"event_type":"execution_report","timestamp":"2026-05-19T17:54:31.087281+05:30","execution":{"order_id":"3e2d3143-35e7-40f1-a8ea-8730838dad77","symbol":"MSFT","side":"BUY","status":"filled","filled_qty":16,"leaves_qty":0,"price":912.15,"timestamp":"2026-05-19T12:24:31Z","match_id":"cb258cc5-6372-4d02-96b3-d951cd8aeec7"}}
{"event_type":"order_acked","timestamp":"2026-05-19T17:54:31.0900258+05:30","order_acked":{"request_id":"00471d8e-8408-4783-af86-5564c67b383e","status_code":201}}
{"event_type":"execution_report","timestamp":"2026-05-19T17:54:31.0923962+05:30","execution":{"order_id":"28cf2300-40e0-4fde-b876-d79131f82661","symbol":"GOOG","side":"SELL","status":"filled","filled_qty":68,"leaves_qty":0,"price":817.77,"timestamp":"2026-05-19T12:24:31Z","match_id":"5aa54baa-6487-489e-bc9f-b17419202902"}}
{"event_type":"order_acked","timestamp":"2026-05-19T17:54:31.0940505+05:30","order_acked":{"request_id":"ce31d129-a7d6-46ae-82ef-726727f29c61","status_code":201}}
{"event_type":"order_acked","timestamp":"2026-05-19T17:54:31.0946063+05:30","order_acked":{"request_id":"d654e222-0c49-42bf-9ea1-1c8d63f7b3fd","status_code":201}}
{"event_type":"order_acked","timestamp":"2026-05-19T17:54:31.0956885+05:30","order_acked":{"request_id":"ee148c5c-9b52-4670-b3b5-8cd750b1cd87","status_code":200}}
{"event_type":"execution_report","timestamp":"2026-05-19T17:54:31.0983659+05:30","execution":{"order_id":"b04b38c3-ea3f-47b3-9780-c8e96e3a14cf","symbol":"GOOG","side":"SELL","status":"filled","filled_qty":15,"leaves_qty":0,"price":426.24,"timestamp":"2026-05-19T12:24:31Z","match_id":"7002309f-f540-43c7-b1d8-1b8cdea5cb57"}}
{"event_type":"order_acked","timestamp":"2026-05-19T17:54:31.1022191+05:30","order_acked":{"request_id":"b4be64e1-8f5a-4466-bd5f-636b72dd521a","status_code":201}}
{"event_type":"execution_report","timestamp":"2026-05-19T17:54:31.1027872+05:30","execution":{"order_id":"4c71735f-d356-4685-9c6f-95f9af34f97c","symbol":"TSLA","side":"SELL","status":"filled","filled_qty":48,"leaves_qty":0,"price":854.35,"timestamp":"2026-05-19T12:24:31Z","match_id":"f773e90f-be92-423a-8f62-7a868926b7b6"}}
{"event_type":"order_acked","timestamp":"2026-05-19T17:54:31.1067394+05:30","order_acked":{"request_id":"865b6a86-e66c-4e4e-9316-52055c2632f0","status_code":201}}
{"event_type":"order_acked","timestamp":"2026-05-19T17:54:31.1138356+05:30","order_acked":{"request_id":"10d72c49-1181-4c6a-b80b-72ab2c252e70","status_code":201}}
{"event_type":"order_acked","timestamp":"2026-05-19T17:54:31.1138356+05:30","order_acked":{"request_id":"fcdfbe67-0308-4e56-9647-f83299b8581d","status_code":200}}
{"event_type":"order_acked","timestamp":"2026-05-19T17:54:31.1231142+05:30","order_acked":{"request_id":"670930b4-97c8-49b3-81ea-4d59d238146f","status_code":201}}
{"event_type":"order_acked","timestamp":"2026-05-19T17:54:31.1268932+05:30","order_acked":{"request_id":"92a6afb2-84ca-4451-b382-108b5972f46b","status_code":201}}
{"event_type":"order_acked","timestamp":"2026-05-19T17:54:31.1280393+05:30","order_acked":{"request_id":"9c9698e0-34ad-4d00-9f17-2368d612ba65","status_code":201}}
{"event_type":"execution_report","timestamp":"2026-05-19T17:54:31.1302362+05:30","execution":{"order_id":"9f165321-bed0-4f86-9430-8407559a2536","symbol":"GOOG","side":"BUY","status":"filled","filled_qty":68,"leaves_qty":0,"price":997.63,"timestamp":"2026-05-19T12:24:31Z","match_id":"f6a01a51-e3a5-4bc8-b54e-019d494668f7"}}
{"event_type":"order_acked","timestamp":"2026-05-19T17:54:31.1307877+05:30","order_acked":{"request_id":"cd642c3d-96cf-4da7-8ba8-3a03b8456ff4","status_code":201}}
{"event_type":"order_acked","timestamp":"2026-05-19T17:54:31.131319+05:30","order_acked":{"request_id":"94c08523-3c52-45db-ad10-b88b496bc5ad","status_code":200}}
{"event_type":"order_acked","timestamp":"2026-05-19T17:54:31.1383562+05:30","order_acked":{"request_id":"e07ebb51-ca33-4ccb-8d63-bf9bb27b61ed","status_code":201}}
{"event_type":"execution_report","timestamp":"2026-05-19T17:54:31.1416142+05:30","execution":{"order_id":"aba724b3-aa9e-44b9-8a32-12106a127271","symbol":"AAPL","side":"BUY","status":"filled","filled_qty":50,"leaves_qty":0,"price":895.75,"timestamp":"2026-05-19T12:24:31Z","match_id":"71d668b6-670e-4070-bf67-41b58e33bca4"}}
{"event_type":"order_acked","timestamp":"2026-05-19T17:54:31.1444028+05:30","order_acked":{"request_id":"ab9db3e0-e995-443e-b35b-dab8c881748f","status_code":201}}
{"event_type":"order_acked","timestamp":"2026-05-19T17:54:31.1455276+05:30","order_acked":{"request_id":"d48f1ad7-050d-48ec-8ef0-78fa3369fefa","status_code":201}}
{"event_type":"order_acked","timestamp":"2026-05-19T17:54:31.1467727+05:30","order_acked":{"request_id":"94cd0586-ba7c-4afa-8222-047019e3c79b","status_code":201}}
{"event_type":"order_acked","timestamp":"2026-05-19T17:54:31.1478939+05:30","order_acked":{"request_id":"19e9f15e-9f17-4a4a-915f-11a662c30c74","status_code":201}}
{"event_type":"execution_report","timestamp":"2026-05-19T17:54:31.1484447+05:30","execution":{"order_id":"bcbc14c3-3b86-4095-b830-b34fc37d11b8","symbol":"TSLA","side":"BUY","status":"filled","filled_qty":65,"leaves_qty":0,"price":749.35,"timestamp":"2026-05-19T12:24:31Z","match_id":"196f3c90-85ce-4642-aa46-d52d04db0971"}}
{"event_type":"execution_report","timestamp":"2026-05-19T17:54:31.1505993+05:30","execution":{"order_id":"4b399dec-e88a-4f57-9e89-1b4009f1ff6b","symbol":"AAPL","side":"BUY","status":"filled","filled_qty":90,"leaves_qty":0,"price":457.45,"timestamp":"2026-05-19T12:24:31Z","match_id":"24d66204-7cb8-480d-8515-68152129eeed"}}
{"event_type":"execution_report","timestamp":"2026-05-19T17:54:31.1527791+05:30","execution":{"order_id":"23edefc8-bad7-4c4b-a031-9493d7305a1a","symbol":"AMZN","side":"BUY","status":"filled","filled_qty":16,"leaves_qty":0,"price":258.53,"timestamp":"2026-05-19T12:24:31Z","match_id":"0fdcb6e0-577a-440c-9a97-9e5723ede44a"}}
{"event_type":"order_acked","timestamp":"2026-05-19T17:54:31.1566372+05:30","order_acked":{"request_id":"476bfa08-1889-48a5-a414-4e2779267be7","status_code":201}}
{"event_type":"order_acked","timestamp":"2026-05-19T17:54:31.1583313+05:30","order_acked":{"request_id":"4df0769a-1418-4714-9cc2-2e82a749aa7e","status_code":201}}
{"event_type":"order_acked","timestamp":"2026-05-19T17:54:31.1605222+05:30","order_acked":{"request_id":"de625c1e-6763-4b7b-97dd-c33a516bb1ea","status_code":200}}
{"event_type":"order_acked","timestamp":"2026-05-19T17:54:31.1621054+05:30","order_acked":{"request_id":"de8eece5-4c40-4bbe-9d0e-8ee82860e2da","status_code":201}}
{"event_type":"order_acked","timestamp":"2026-05-19T17:54:31.1647545+05:30","order_acked":{"request_id":"38982091-c982-4f9a-b50b-76f2306315ff","status_code":201}}
{"event_type":"execution_report","timestamp":"2026-05-19T17:54:31.1673653+05:30","execution":{"order_id":"ed87a78e-277c-4af0-bce7-4d5b4bf4819d","symbol":"GOOG","side":"BUY","status":"filled","filled_qty":2,"leaves_qty":0,"price":579.42,"timestamp":"2026-05-19T12:24:31Z","match_id":"a1808da0-740f-4ecb-9e6a-ac50440cc70c"}}
{"event_type":"execution_report","timestamp":"2026-05-19T17:54:31.1703493+05:30","execution":{"order_id":"cf3adc17-b82a-4181-b6fd-a619bc813be0","symbol":"MSFT","side":"BUY","status":"filled","filled_qty":97,"leaves_qty":0,"price":370.73,"timestamp":"2026-05-19T12:24:31Z","match_id":"b86408a4-9cc4-4fe8-b7d5-c1001bade473"}}
{"event_type":"order_acked","timestamp":"2026-05-19T17:54:31.172211+05:30","order_acked":{"request_id":"df22c95b-1067-4c8c-92d9-2b330dfe8e4c","status_code":201}}
{"event_type":"order_acked","timestamp":"2026-05-19T17:54:31.1743404+05:30","order_acked":{"request_id":"15a216e2-3c1f-41ac-a436-0a0a9bbe5cd1","status_code":201}}
{"event_type":"order_acked","timestamp":"2026-05-19T17:54:31.1748726+05:30","order_acked":{"request_id":"443dab68-f4bb-459e-86c8-9dd165f443c4","status_code":201}}
{"event_type":"order_acked","timestamp":"2026-05-19T17:54:31.1771228+05:30","order_acked":{"request_id":"e959a593-94d8-4dc5-9d0a-f6871f4e41d4","status_code":201}}
{"event_type":"execution_report","timestamp":"2026-05-19T17:54:31.1804+05:30","execution":{"order_id":"b2be427a-37fb-4dd0-af74-a9c8f13b3a14","symbol":"AAPL","side":"SELL","status":"filled","filled_qty":40,"leaves_qty":0,"price":327.18,"timestamp":"2026-05-19T12:24:31Z","match_id":"33800738-b013-45d2-9046-5a545982eb2a"}}
{"event_type":"execution_report","timestamp":"2026-05-19T17:54:31.1809107+05:30","execution":{"order_id":"b8ba8248-624d-4819-9644-1cc792a72621","symbol":"MSFT","side":"BUY","status":"filled","filled_qty":95,"leaves_qty":0,"price":581.35,"timestamp":"2026-05-19T12:24:31Z","match_id":"f8e57824-51b5-4f80-be7f-030ce62d03f7"}}
{"event_type":"order_acked","timestamp":"2026-05-19T17:54:31.1840702+05:30","order_acked":{"request_id":"a806c28e-4278-4176-8e42-a6b69e49d44f","status_code":201}}
{"event_type":"order_acked","timestamp":"2026-05-19T17:54:31.1893798+05:30","order_acked":{"request_id":"eb49a419-e587-4c27-8e5b-75c004b48b48","status_code":201}}
{"event_type":"order_acked","timestamp":"2026-05-19T17:54:31.1899113+05:30","order_acked":{"request_id":"359e2626-d8c0-47b9-ab06-7545bf140ecc","status_code":201}}
{"event_type":"execution_report","timestamp":"2026-05-19T17:54:31.1921565+05:30","execution":{"order_id":"b26c103b-951c-4c20-8d03-fc35bd8c3879","symbol":"AMZN","side":"SELL","status":"filled","filled_qty":6,"leaves_qty":0,"price":285.45,"timestamp":"2026-05-19T12:24:31Z","match_id":"67298994-01e7-4f0f-b48e-b9bf4398b435"}}
{"event_type":"order_acked","timestamp":"2026-05-19T17:54:31.1954055+05:30","order_acked":{"request_id":"74482333-3a62-43e2-9643-0b4cefcceb54","status_code":200}}
{"event_type":"order_acked","timestamp":"2026-05-19T17:54:31.1981818+05:30","order_acked":{"request_id":"4c1fc6af-0aa4-4e7d-8c55-f32f8a3cbd5f","status_code":201}}
{"event_type":"order_acked","timestamp":"2026-05-19T17:54:31.1987255+05:30","order_acked":{"request_id":"664e5ee3-979d-434b-a680-9a4aa2d7a964","status_code":201}}
{"event_type":"execution_report","timestamp":"2026-05-19T17:54:31.2002984+05:30","execution":{"order_id":"a10ad10c-9870-4abc-87da-7f7a79cd4dad","symbol":"AAPL","side":"SELL","status":"filled","filled_qty":36,"leaves_qty":0,"price":374.85,"timestamp":"2026-05-19T12:24:31Z","match_id":"ab1ab7d4-60ff-4fc3-b654-d09f762d5537"}}
{"event_type":"execution_report","timestamp":"2026-05-19T17:54:31.2002984+05:30","execution":{"order_id":"d4d3dcec-dff1-48ea-b674-2c5045940bb1","symbol":"AMZN","side":"BUY","status":"filled","filled_qty":96,"leaves_qty":0,"price":839.7,"timestamp":"2026-05-19T12:24:31Z","match_id":"c20216ec-da97-4eee-94ee-f0c4ec4d2606"}}
{"event_type":"execution_report","timestamp":"2026-05-19T17:54:31.205197+05:30","execution":{"order_id":"26b391cd-d90d-4c7d-95d9-86d988574fea","symbol":"TSLA","side":"BUY","status":"filled","filled_qty":86,"leaves_qty":0,"price":556.69,"timestamp":"2026-05-19T12:24:31Z","match_id":"83ad0000-4970-44b6-9e0f-74397f5fde19"}}
{"event_type":"order_acked","timestamp":"2026-05-19T17:54:31.2096642+05:30","order_acked":{"request_id":"91988205-93fc-4ef1-8792-bb55448fad5a","status_code":201}}
{"event_type":"order_acked","timestamp":"2026-05-19T17:54:31.2137783+05:30","order_acked":{"request_id":"e14c70f0-6a0c-4a5d-babd-a07fc471c1a2","status_code":201}}
{"event_type":"order_acked","timestamp":"2026-05-19T17:54:31.2143706+05:30","order_acked":{"request_id":"f89734dc-9bd7-43cb-965f-622215901961","status_code":201}}
{"event_type":"execution_report","timestamp":"2026-05-19T17:54:31.2195167+05:30","execution":{"order_id":"e1f6e996-d2e0-4bc0-a943-2566d6951770","symbol":"GOOG","side":"BUY","status":"filled","filled_qty":37,"leaves_qty":0,"price":479.97,"timestamp":"2026-05-19T12:24:31Z","match_id":"ef6cd459-5bf8-438e-8817-6fd637fd8532"}}
{"event_type":"execution_report","timestamp":"2026-05-19T17:54:31.2227648+05:30","execution":{"order_id":"5348092e-306d-4a64-b4a5-af076303357c","symbol":"MSFT","side":"BUY","status":"filled","filled_qty":7,"leaves_qty":0,"price":655.83,"timestamp":"2026-05-19T12:24:31Z","match_id":"8bca9c71-47ae-40b6-888e-09a9fe10e9e9"}}
{"event_type":"execution_report","timestamp":"2026-05-19T17:54:31.2244205+05:30","execution":{"order_id":"b86fe979-3a93-4462-9855-17714b6a6058","symbol":"AAPL","side":"SELL","status":"filled","filled_qty":2,"leaves_qty":0,"price":242.8,"timestamp":"2026-05-19T12:24:31Z","match_id":"9c939447-9b51-4def-9e6e-be3a309be066"}}
{"event_type":"order_acked","timestamp":"2026-05-19T17:54:31.2250171+05:30","order_acked":{"request_id":"4cd577e9-f96b-4b6c-a425-efc64e8c133a","status_code":201}}
{"event_type":"order_acked","timestamp":"2026-05-19T17:54:31.2261511+05:30","order_acked":{"request_id":"18716846-7029-4011-be8f-3c96a51ff49c","status_code":201}}
{"event_type":"order_acked","timestamp":"2026-05-19T17:54:31.2277356+05:30","order_acked":{"request_id":"d73a0355-2c14-4926-9240-8800733fd1c7","status_code":201}}
{"event_type":"order_acked","timestamp":"2026-05-19T17:54:31.2293462+05:30","order_acked":{"request_id":"055cdb9c-96b3-47dd-93bf-00c4e1b2b713","status_code":200}}
{"event_type":"execution_report","timestamp":"2026-05-19T17:54:31.2304234+05:30","execution":{"order_id":"0854c376-d994-4e60-b61c-590d3c24a930","symbol":"TSLA","side":"SELL","status":"filled","filled_qty":3,"leaves_qty":0,"price":965.04,"timestamp":"2026-05-19T12:24:31Z","match_id":"71c22c06-e21c-4d13-99f3-14dbc701d939"}}
{"event_type":"order_acked","timestamp":"2026-05-19T17:54:31.2331726+05:30","order_acked":{"request_id":"fd181a9a-2928-4b78-8c00-7bb79435e52f","status_code":201}}
{"event_type":"order_acked","timestamp":"2026-05-19T17:54:31.2347688+05:30","order_acked":{"request_id":"5e6065b6-3e99-4135-a06b-e252a372e2ca","status_code":201}}
{"event_type":"execution_report","timestamp":"2026-05-19T17:54:31.2352888+05:30","execution":{"order_id":"abfd5929-a424-47a1-9727-aa3ac80c8929","symbol":"AMZN","side":"BUY","status":"filled","filled_qty":71,"leaves_qty":0,"price":371.31,"timestamp":"2026-05-19T12:24:31Z","match_id":"c5484b89-9b0c-4987-950b-53520851fc3e"}}
{"event_type":"execution_report","timestamp":"2026-05-19T17:54:31.2358311+05:30","execution":{"order_id":"2806fa15-e854-4b75-b58e-5d0996985b12","symbol":"AMZN","side":"SELL","status":"filled","filled_qty":100,"leaves_qty":0,"price":726.62,"timestamp":"2026-05-19T12:24:31Z","match_id":"23774d78-8123-459d-93f2-54d6734cd5b8"}}
{"event_type":"order_acked","timestamp":"2026-05-19T17:54:31.2379905+05:30","order_acked":{"request_id":"c52993e9-6cac-4caf-b6a6-9e33cdd72915","status_code":201}}
{"event_type":"order_acked","timestamp":"2026-05-19T17:54:31.2402019+05:30","order_acked":{"request_id":"f7a5e7a3-bf9c-4c10-87b1-e70e7ee10d46","status_code":201}}
{"event_type":"order_acked","timestamp":"2026-05-19T17:54:31.242944+05:30","order_acked":{"request_id":"47da5f78-b902-4014-9b8c-f91f941e8bf9","status_code":201}}
{"event_type":"order_acked","timestamp":"2026-05-19T17:54:31.2440238+05:30","order_acked":{"request_id":"da1154d9-96f5-4e2f-a1fa-1a889ac63b4f","status_code":200}}
{"event_type":"execution_report","timestamp":"2026-05-19T17:54:31.246747+05:30","execution":{"order_id":"08093f8e-2cae-4876-ab54-dba7cba9bd92","symbol":"MSFT","side":"SELL","status":"filled","filled_qty":2,"leaves_qty":0,"price":233.79,"timestamp":"2026-05-19T12:24:31Z","match_id":"96e8a831-6246-463e-aa0b-2e134fd44885"}}
{"event_type":"order_acked","timestamp":"2026-05-19T17:54:31.2484368+05:30","order_acked":{"request_id":"a37add7e-5ccf-4522-9a6d-cbf7b96a6a2c","status_code":201}}
{"event_type":"order_acked","timestamp":"2026-05-19T17:54:31.2547611+05:30","order_acked":{"request_id":"4cadb0c5-d3fe-4ff6-a78f-49ad2ad355df","status_code":201}}
{"event_type":"order_acked","timestamp":"2026-05-19T17:54:31.2569177+05:30","order_acked":{"request_id":"dfd4b37f-8545-4d9a-a799-c07ec0066a2b","status_code":201}}
{"event_type":"order_acked","timestamp":"2026-05-19T17:54:31.2580126+05:30","order_acked":{"request_id":"22cbf15a-4e4b-4550-8767-8a6c09a77e84","status_code":201}}
{"event_type":"order_acked","timestamp":"2026-05-19T17:54:31.2607158+05:30","order_acked":{"request_id":"d2b65bb0-f9dc-4492-a25d-4e4bbc559a5d","status_code":201}}
{"event_type":"execution_report","timestamp":"2026-05-19T17:54:31.2618105+05:30","execution":{"order_id":"261177f8-38ad-4122-a674-8bf481ea3a16","symbol":"GOOG","side":"BUY","status":"filled","filled_qty":50,"leaves_qty":0,"price":718.89,"timestamp":"2026-05-19T12:24:31Z","match_id":"2a9eb9d5-936a-4c29-8e7f-ade7b96fd8cf"}}
{"event_type":"order_acked","timestamp":"2026-05-19T17:54:31.2645065+05:30","order_acked":{"request_id":"a5233d64-b90c-4074-b381-5de89878d093","status_code":200}}
{"event_type":"order_acked","timestamp":"2026-05-19T17:54:31.2655954+05:30","order_acked":{"request_id":"b74d3e9b-2361-4677-b795-8268a4f8c38b","status_code":201}}
{"event_type":"execution_report","timestamp":"2026-05-19T17:54:31.2666713+05:30","execution":{"order_id":"848fac9d-5815-48a8-8a35-483004f40914","symbol":"AMZN","side":"SELL","status":"filled","filled_qty":60,"leaves_qty":0,"price":165,"timestamp":"2026-05-19T12:24:31Z","match_id":"88ddb6dd-9690-4cc0-88dc-d93d8500eb45"}}
{"event_type":"execution_report","timestamp":"2026-05-19T17:54:31.2676731+05:30","execution":{"order_id":"b74fdd97-4d17-43db-9981-04d7d19616e9","symbol":"TSLA","side":"BUY","status":"filled","filled_qty":19,"leaves_qty":0,"price":542.87,"timestamp":"2026-05-19T12:24:31Z","match_id":"77474e8d-7530-42bd-8d19-01329cf74f34"}}
{"event_type":"order_acked","timestamp":"2026-05-19T17:54:31.2750184+05:30","order_acked":{"request_id":"a081c972-3e2a-49df-84ce-5cbb6b52764b","status_code":201}}
{"event_type":"order_acked","timestamp":"2026-05-19T17:54:31.2762398+05:30","order_acked":{"request_id":"7b8dd00f-074b-4d93-b246-ba274a33473a","status_code":201}}
{"event_type":"order_acked","timestamp":"2026-05-19T17:54:31.2773306+05:30","order_acked":{"request_id":"a4b62da8-1b2e-43e1-882d-253997260111","status_code":201}}
{"event_type":"order_acked","timestamp":"2026-05-19T17:54:31.27943+05:30","order_acked":{"request_id":"addebe0a-8004-4507-a3d4-51a2e437ce0f","status_code":201}}
{"event_type":"order_acked","timestamp":"2026-05-19T17:54:31.279987+05:30","order_acked":{"request_id":"7e35f08c-d665-4f2d-befa-e224ceac0eb4","status_code":201}}
{"event_type":"order_acked","timestamp":"2026-05-19T17:54:31.2821864+05:30","order_acked":{"request_id":"cfe6babe-be69-436b-9feb-d7e1ae5ba12f","status_code":200}}
{"event_type":"execution_report","timestamp":"2026-05-19T17:54:31.2837926+05:30","execution":{"order_id":"4f925337-5242-45e8-a2ce-95589c61d4df","symbol":"AAPL","side":"BUY","status":"filled","filled_qty":85,"leaves_qty":0,"price":164.64,"timestamp":"2026-05-19T12:24:31Z","match_id":"1cba2884-3e99-4893-a3e4-73e29b1bed3b"}}
{"event_type":"execution_report","timestamp":"2026-05-19T17:54:31.2843277+05:30","execution":{"order_id":"b77f0950-19ef-4457-a4a7-03ebc2f7e213","symbol":"TSLA","side":"SELL","status":"filled","filled_qty":78,"leaves_qty":0,"price":291.24,"timestamp":"2026-05-19T12:24:31Z","match_id":"3b6507d4-6e4e-43c6-aced-3acb526d581f"}}
{"event_type":"execution_report","timestamp":"2026-05-19T17:54:31.2848863+05:30","execution":{"order_id":"7f70f736-9087-4a0f-8621-3ef01cab074f","symbol":"AMZN","side":"SELL","status":"filled","filled_qty":18,"leaves_qty":0,"price":728.7,"timestamp":"2026-05-19T12:24:31Z","match_id":"8dcc46dc-9891-4c75-addd-d3a8a7c8e9a9"}}
{"event_type":"order_acked","timestamp":"2026-05-19T17:54:31.2866798+05:30","order_acked":{"request_id":"6fbf0326-eb6e-4df0-88a3-5b1f78d461fd","status_code":201}}
{"event_type":"order_acked","timestamp":"2026-05-19T17:54:31.2882965+05:30","order_acked":{"request_id":"0b7a22b8-888b-4372-8faa-9e90ea003c54","status_code":200}}
{"event_type":"order_acked","timestamp":"2026-05-19T17:54:31.2928222+05:30","order_acked":{"request_id":"7a602ded-8682-4f91-afc6-03164742b5c1","status_code":201}}
{"event_type":"order_acked","timestamp":"2026-05-19T17:54:31.2956708+05:30","order_acked":{"request_id":"6f9feb02-f12a-44c7-b339-ab5988ab0b0b","status_code":201}}
{"event_type":"order_acked","timestamp":"2026-05-19T17:54:31.2998438+05:30","order_acked":{"request_id":"dbcc4025-4a10-4765-8e29-f23afb0b2a75","status_code":201}}
{"event_type":"order_acked","timestamp":"2026-05-19T17:54:31.3009276+05:30","order_acked":{"request_id":"a76e22b9-1a20-47d6-9eff-b14a1b7664d2","status_code":200}}
{"event_type":"order_acked","timestamp":"2026-05-19T17:54:31.3020084+05:30","order_acked":{"request_id":"8cd5e416-88d1-4662-9167-2107c5497252","status_code":201}}
{"event_type":"execution_report","timestamp":"2026-05-19T17:54:31.3020084+05:30","execution":{"order_id":"36d7851d-8c9f-4501-87b2-1a4b0cdf442c","symbol":"AAPL","side":"BUY","status":"filled","filled_qty":4,"leaves_qty":0,"price":944.23,"timestamp":"2026-05-19T12:24:31Z","match_id":"7ccda87a-cef8-4d5e-bd97-1252ded0ea23"}}
{"event_type":"order_acked","timestamp":"2026-05-19T17:54:31.3041794+05:30","order_acked":{"request_id":"ea992240-f954-424c-b3d1-969f8d59e062","status_code":201}}
{"event_type":"order_acked","timestamp":"2026-05-19T17:54:31.3041794+05:30","order_acked":{"request_id":"7a031aa6-da75-433e-9bfd-8a809011702c","status_code":201}}
{"event_type":"execution_report","timestamp":"2026-05-19T17:54:31.3088236+05:30","execution":{"order_id":"e310bb20-1cb3-476c-9ec1-2e88dbf05f47","symbol":"MSFT","side":"SELL","status":"filled","filled_qty":88,"leaves_qty":0,"price":419.19,"timestamp":"2026-05-19T12:24:31Z","match_id":"a1c3c3e4-1c13-4620-9dc1-772670cd5fd2"}}
{"event_type":"execution_report","timestamp":"2026-05-19T17:54:31.3093609+05:30","execution":{"order_id":"ee8425ce-be3b-4821-aeba-bb822f7f8710","symbol":"AAPL","side":"BUY","status":"filled","filled_qty":46,"leaves_qty":0,"price":192.54,"timestamp":"2026-05-19T12:24:31Z","match_id":"81bd090b-0dc8-4cf6-a15d-9e28c4e71901"}}
{"event_type":"execution_report","timestamp":"2026-05-19T17:54:31.3098925+05:30","execution":{"order_id":"e449e2a4-a99c-42ff-ab7b-dd7d6001f642","symbol":"GOOG","side":"BUY","status":"filled","filled_qty":15,"leaves_qty":0,"price":604.14,"timestamp":"2026-05-19T12:24:31Z","match_id":"41b196a1-1215-4fed-8a33-034a829b4f42"}}
{"event_type":"order_acked","timestamp":"2026-05-19T17:54:31.3142966+05:30","order_acked":{"request_id":"c6680e7d-400c-4751-957f-08d23dfea81f","status_code":201}}
{"event_type":"order_acked","timestamp":"2026-05-19T17:54:31.3148258+05:30","order_acked":{"request_id":"d1cb7fbe-9c64-4e55-a19b-725521eed1fe","status_code":201}}
{"event_type":"order_acked","timestamp":"2026-05-19T17:54:31.3159342+05:30","order_acked":{"request_id":"94bfd895-b016-40cd-8259-dae2a11c938d","status_code":201}}
{"event_type":"order_acked","timestamp":"2026-05-19T17:54:31.3197169+05:30","order_acked":{"request_id":"716d8b41-857b-4959-959a-4eea38cef583","status_code":201}}
{"event_type":"order_acked","timestamp":"2026-05-19T17:54:31.3216979+05:30","order_acked":{"request_id":"4ebdc1ff-b86e-4602-8417-1b7f82e836f8","status_code":201}}
{"event_type":"execution_report","timestamp":"2026-05-19T17:54:31.3234249+05:30","execution":{"order_id":"9b967719-ade2-4d4b-bd3b-b55d8a7b1c29","symbol":"AAPL","side":"SELL","status":"filled","filled_qty":26,"leaves_qty":0,"price":206.17,"timestamp":"2026-05-19T12:24:31Z","match_id":"92331aeb-8475-4d48-82f9-9407624c4c09"}}
{"event_type":"execution_report","timestamp":"2026-05-19T17:54:31.324095+05:30","execution":{"order_id":"808eb4b7-fcbb-4e9e-b5a3-f764d48099bb","symbol":"AMZN","side":"SELL","status":"filled","filled_qty":20,"leaves_qty":0,"price":143.77,"timestamp":"2026-05-19T12:24:31Z","match_id":"3fe5eb98-4045-4709-a16b-06756ec62b49"}}
{"event_type":"order_acked","timestamp":"2026-05-19T17:54:31.3251793+05:30","order_acked":{"request_id":"493cef08-004d-4ea9-8566-6406f82eb3d3","status_code":201}}
{"event_type":"execution_report","timestamp":"2026-05-19T17:54:31.3284197+05:30","execution":{"order_id":"969a3d17-3b05-405b-a2b4-a68e4c8ac0c2","symbol":"GOOG","side":"BUY","status":"filled","filled_qty":29,"leaves_qty":0,"price":599.67,"timestamp":"2026-05-19T12:24:31Z","match_id":"fca21f7c-7291-4dab-9ab9-837104e7be89"}}
{"event_type":"order_acked","timestamp":"2026-05-19T17:54:31.3305956+05:30","order_acked":{"request_id":"3220d2f3-a45a-4c95-ba58-189f292eae95","status_code":201}}
{"event_type":"order_acked","timestamp":"2026-05-19T17:54:31.3325342+05:30","order_acked":{"request_id":"3a01c186-bbe8-4cab-a590-7d86bdbd6eff","status_code":201}}
{"event_type":"order_acked","timestamp":"2026-05-19T17:54:31.3336249+05:30","order_acked":{"request_id":"49b06179-e712-412a-ba5e-cd1da122dfc2","status_code":201}}
{"event_type":"order_acked","timestamp":"2026-05-19T17:54:31.3347026+05:30","order_acked":{"request_id":"182efee1-97cf-4e54-8e45-441615a56ea2","status_code":201}}
{"event_type":"order_acked","timestamp":"2026-05-19T17:54:31.3363958+05:30","order_acked":{"request_id":"686448e0-7eaa-414c-828c-8a670a74f203","status_code":201}}
{"event_type":"order_acked","timestamp":"2026-05-19T17:54:31.3380649+05:30","order_acked":{"request_id":"13b35c72-7837-46a7-a08d-44342e0ad73c","status_code":200}}
{"event_type":"execution_report","timestamp":"2026-05-19T17:54:31.340019+05:30","execution":{"order_id":"4557e10a-53fd-4a80-a85b-c431b4f65ec0","symbol":"TSLA","side":"BUY","status":"filled","filled_qty":50,"leaves_qty":0,"price":164.07,"timestamp":"2026-05-19T12:24:31Z","match_id":"d6699ee6-5ffb-4df8-a4ac-609b94a20d4c"}}
{"event_type":"execution_report","timestamp":"2026-05-19T17:54:31.3410951+05:30","execution":{"order_id":"91d1fa4c-393e-4973-8630-07da84deade8","symbol":"TSLA","side":"BUY","status":"filled","filled_qty":98,"leaves_qty":0,"price":250.48,"timestamp":"2026-05-19T12:24:31Z","match_id":"a317250c-a83b-43a7-853f-b3807361db43"}}
{"event_type":"execution_report","timestamp":"2026-05-19T17:54:31.3422032+05:30","execution":{"order_id":"185c2ac8-0b94-45cd-ae73-7143397e4553","symbol":"TSLA","side":"BUY","status":"filled","filled_qty":100,"leaves_qty":0,"price":515.68,"timestamp":"2026-05-19T12:24:31Z","match_id":"65e1781c-1461-40a9-951c-c9ad6bab9959"}}
{"event_type":"order_sent","timestamp":"2026-05-19T17:54:32.9722023+05:30","order_sent":{"request_id":"306efac3-9de7-4ef7-91b7-a507f8d504f2","order_id":"","type":"LIMIT","symbol":"MSFT","side":"BUY","price":719.53,"quantity":100}}
{"event_type":"order_sent","timestamp":"2026-05-19T17:54:32.9722023+05:30","order_sent":{"request_id":"bc1dd776-9256-49bb-a4ad-0502e3356566","order_id":"","type":"MARKET","symbol":"AMZN","side":"BUY","quantity":50}}
{"event_type":"order_sent","timestamp":"2026-05-19T17:54:32.9722023+05:30","order_sent":{"request_id":"1b876348-03b7-4468-bb27-cf1b4e09a6ef","order_id":"","type":"MARKET","symbol":"TSLA","side":"BUY","quantity":10}}
{"event_type":"order_sent","timestamp":"2026-05-19T17:54:32.9722023+05:30","order_sent":{"request_id":"f829062c-6370-4f32-8e08-fb2934a43c5a","order_id":"ord-4244336115445342165","type":"CANCEL","symbol":"","side":""}}
{"event_type":"order_sent","timestamp":"2026-05-19T17:54:32.9722023+05:30","order_sent":{"request_id":"e1fa3f6d-10cc-46a7-8eef-502e61a2b2df","order_id":"","type":"MARKET","symbol":"TSLA","side":"BUY","quantity":38}}
{"event_type":"order_sent","timestamp":"2026-05-19T17:54:32.9722023+05:30","order_sent":{"request_id":"9c6a3e4b-f5b3-49f2-8b31-6713fa046d50","order_id":"","type":"MARKET","symbol":"TSLA","side":"SELL","quantity":32}}
{"event_type":"order_sent","timestamp":"2026-05-19T17:54:32.9722023+05:30","order_sent":{"request_id":"d440bfb2-aac7-4105-86b2-34c3b5b7e36e","order_id":"","type":"LIMIT","symbol":"GOOG","side":"SELL","price":565.45,"quantity":40}}
{"event_type":"order_sent","timestamp":"2026-05-19T17:54:32.9722023+05:30","order_sent":{"request_id":"c7f7556b-5da2-40f3-b365-4ae92e17311d","order_id":"ord-6570998763651633404","type":"CANCEL","symbol":"","side":""}}
{"event_type":"order_sent","timestamp":"2026-05-19T17:54:32.9722023+05:30","order_sent":{"request_id":"f4f3b2f8-2496-433c-891e-2c42c39e64a8","order_id":"","type":"LIMIT","symbol":"AAPL","side":"BUY","price":432.99,"quantity":42}}
{"event_type":"order_sent","timestamp":"2026-05-19T17:54:32.9722023+05:30","order_sent":{"request_id":"6f7a9b11-3873-4c92-a013-828f66f81b25","order_id":"","type":"MARKET","symbol":"TSLA","side":"SELL","quantity":10}}
{"event_type":"order_sent","timestamp":"2026-05-19T17:54:32.9722023+05:30","order_sent":{"request_id":"44b7a452-9602-4092-970f-b224ae765846","order_id":"","type":"LIMIT","symbol":"AMZN","side":"BUY","price":395.49,"quantity":76}}
{"event_type":"order_sent","timestamp":"2026-05-19T17:54:32.9722023+05:30","order_sent":{"request_id":"f1537223-62db-436b-bc42-f01708cc6e9b","order_id":"","type":"LIMIT","symbol":"GOOG","side":"BUY","price":543.65,"quantity":17}}
{"event_type":"order_sent","timestamp":"2026-05-19T17:54:32.9722023+05:30","order_sent":{"request_id":"f13f32bd-0080-41db-8fd5-afc1686b2ce1","order_id":"","type":"LIMIT","symbol":"AMZN","side":"SELL","price":493.94,"quantity":99}}
{"event_type":"order_sent","timestamp":"2026-05-19T17:54:32.9722023+05:30","order_sent":{"request_id":"1607c8a4-907a-4a03-b920-77cf146d5cb8","order_id":"","type":"LIMIT","symbol":"AMZN","side":"BUY","price":679.11,"quantity":92}}
{"event_type":"order_sent","timestamp":"2026-05-19T17:54:32.9722023+05:30","order_sent":{"request_id":"e2c525c6-50a7-448a-949a-a4ebc8824e4c","order_id":"","type":"LIMIT","symbol":"TSLA","side":"SELL","price":883.09,"quantity":64}}
{"event_type":"order_sent","timestamp":"2026-05-19T17:54:32.9722023+05:30","order_sent":{"request_id":"8cf4b1f9-2cae-448d-9493-3ffee08bfac6","order_id":"","type":"MARKET","symbol":"AAPL","side":"SELL","quantity":13}}
{"event_type":"order_sent","timestamp":"2026-05-19T17:54:32.9722023+05:30","order_sent":{"request_id":"a9793bd1-742d-43a3-bd58-97eb919e7959","order_id":"ord-6652712600634322468","type":"CANCEL","symbol":"","side":""}}
{"event_type":"order_sent","timestamp":"2026-05-19T17:54:32.9722023+05:30","order_sent":{"request_id":"3dfb780a-6d09-471e-acf2-15a9eb7adb21","order_id":"ord-607095482523786935","type":"CANCEL","symbol":"","side":""}}
{"event_type":"order_sent","timestamp":"2026-05-19T17:54:32.9722023+05:30","order_sent":{"request_id":"febaa24a-596a-4190-9c71-3e442cad60c9","order_id":"","type":"LIMIT","symbol":"TSLA","side":"SELL","price":505.13,"quantity":63}}
{"event_type":"order_sent","timestamp":"2026-05-19T17:54:32.9722023+05:30","order_sent":{"request_id":"5425a3b0-bcca-4f17-b91a-55e0e3b68a09","order_id":"","type":"MARKET","symbol":"GOOG","side":"BUY","quantity":34}}
{"event_type":"order_sent","timestamp":"2026-05-19T17:54:32.9722023+05:30","order_sent":{"request_id":"729352cf-2428-4513-82d3-3d5abb432cf4","order_id":"","type":"MARKET","symbol":"TSLA","side":"BUY","quantity":23}}
{"event_type":"order_sent","timestamp":"2026-05-19T17:54:32.9722023+05:30","order_sent":{"request_id":"f0ddbebe-1733-448a-93a4-06b915c28cba","order_id":"","type":"MARKET","symbol":"GOOG","side":"BUY","quantity":8}}
{"event_type":"order_sent","timestamp":"2026-05-19T17:54:32.9722023+05:30","order_sent":{"request_id":"44d3b780-bc70-4729-97b8-c0ac397782bb","order_id":"","type":"LIMIT","symbol":"TSLA","side":"SELL","price":323.54,"quantity":92}}
{"event_type":"order_sent","timestamp":"2026-05-19T17:54:32.9722023+05:30","order_sent":{"request_id":"8c5974a0-0e3b-4e46-a3d7-5480b2160599","order_id":"","type":"LIMIT","symbol":"TSLA","side":"BUY","price":117.46,"quantity":97}}
{"event_type":"order_sent","timestamp":"2026-05-19T17:54:32.9722023+05:30","order_sent":{"request_id":"204da62a-38b8-4605-8c26-194696800c03","order_id":"","type":"LIMIT","symbol":"AAPL","side":"SELL","price":253.04,"quantity":4}}
{"event_type":"order_sent","timestamp":"2026-05-19T17:54:32.9722023+05:30","order_sent":{"request_id":"759af372-d3c8-4262-88be-25e3c269267d","order_id":"","type":"LIMIT","symbol":"AMZN","side":"BUY","price":272.58,"quantity":25}}
{"event_type":"order_sent","timestamp":"2026-05-19T17:54:32.9722023+05:30","order_sent":{"request_id":"b1b7dcc6-99c4-41d8-9050-512be9611776","order_id":"","type":"LIMIT","symbol":"AMZN","side":"BUY","price":474.47,"quantity":48}}
{"event_type":"order_sent","timestamp":"2026-05-19T17:54:32.9722023+05:30","order_sent":{"request_id":"e4dc9365-db84-40ca-b660-30092e18c460","order_id":"","type":"LIMIT","symbol":"AAPL","side":"SELL","price":538.88,"quantity":52}}
{"event_type":"order_sent","timestamp":"2026-05-19T17:54:32.9722023+05:30","order_sent":{"request_id":"ab0c74f1-1c85-4aca-8faf-10ded60608b1","order_id":"ord-5766227145209512676","type":"CANCEL","symbol":"","side":""}}
{"event_type":"order_sent","timestamp":"2026-05-19T17:54:32.9722023+05:30","order_sent":{"request_id":"68b446c7-2ae2-44f0-8de2-8c25baf82ffb","order_id":"","type":"LIMIT","symbol":"MSFT","side":"BUY","price":987.79,"quantity":81}}
{"event_type":"order_sent","timestamp":"2026-05-19T17:54:32.9722023+05:30","order_sent":{"request_id":"17e9323a-3f9c-49f6-8542-30e9466b8a33","order_id":"","type":"LIMIT","symbol":"TSLA","side":"SELL","price":116.14,"quantity":92}}
{"event_type":"order_sent","timestamp":"2026-05-19T17:54:32.9722023+05:30","order_sent":{"request_id":"b1a4447d-d4d1-4a46-af92-66b45a5b4657","order_id":"","type":"LIMIT","symbol":"AMZN","side":"BUY","price":423.69,"quantity":45}}
{"event_type":"order_sent","timestamp":"2026-05-19T17:54:32.9722023+05:30","order_sent":{"request_id":"0cd7f298-ffb0-405f-9575-dbbac5e87d8e","order_id":"","type":"MARKET","symbol":"MSFT","side":"SELL","quantity":3}}
{"event_type":"order_sent","timestamp":"2026-05-19T17:54:32.9722023+05:30","order_sent":{"request_id":"ea8a1e57-9695-4ae4-a957-01701f491ba0","order_id":"ord-6354287050728923195","type":"CANCEL","symbol":"","side":""}}
{"event_type":"order_sent","timestamp":"2026-05-19T17:54:32.9722023+05:30","order_sent":{"request_id":"261bd604-b655-4b57-be2c-8362bfcde8be","order_id":"ord-2944399577690053013","type":"CANCEL","symbol":"","side":""}}
{"event_type":"order_sent","timestamp":"2026-05-19T17:54:32.9722023+05:30","order_sent":{"request_id":"3b9b2ffc-fe17-4e99-a51f-137d997a1583","order_id":"","type":"LIMIT","symbol":"GOOG","side":"BUY","price":528.6,"quantity":88}}
{"event_type":"order_sent","timestamp":"2026-05-19T17:54:32.9722023+05:30","order_sent":{"request_id":"da9d9b19-6d50-4e01-925c-0fb667e94538","order_id":"ord-4956340259962552441","type":"CANCEL","symbol":"","side":""}}
{"event_type":"order_sent","timestamp":"2026-05-19T17:54:32.9722023+05:30","order_sent":{"request_id":"a13f59e1-1150-4e86-85de-9fcfd6ed1775","order_id":"ord-5549396782674753823","type":"CANCEL","symbol":"","side":""}}
{"event_type":"order_sent","timestamp":"2026-05-19T17:54:32.9722023+05:30","order_sent":{"request_id":"b6ad4d86-1847-4289-bca4-407d36e44c28","order_id":"","type":"LIMIT","symbol":"AMZN","side":"BUY","price":289.9,"quantity":100}}
{"event_type":"order_sent","timestamp":"2026-05-19T17:54:32.9722023+05:30","order_sent":{"request_id":"78d267c3-30ce-4d58-bdbf-448a1095a6c3","order_id":"","type":"LIMIT","symbol":"MSFT","side":"BUY","price":340.97,"quantity":6}}
{"event_type":"order_sent","timestamp":"2026-05-19T17:54:32.9722023+05:30","order_sent":{"request_id":"b911899d-db07-41d0-8831-eb0150dc4e28","order_id":"","type":"MARKET","symbol":"TSLA","side":"BUY","quantity":41}}
{"event_type":"order_sent","timestamp":"2026-05-19T17:54:32.9722023+05:30","order_sent":{"request_id":"867f083b-2b98-4e70-8e85-a1fc5277443b","order_id":"","type":"MARKET","symbol":"GOOG","side":"BUY","quantity":10}}
{"event_type":"order_sent","timestamp":"2026-05-19T17:54:32.9722023+05:30","order_sent":{"request_id":"07bf5570-e077-4607-a81a-4901c6894946","order_id":"","type":"MARKET","symbol":"TSLA","side":"SELL","quantity":19}}
{"event_type":"order_sent","timestamp":"2026-05-19T17:54:32.9722023+05:30","order_sent":{"request_id":"34d3ff0a-62ac-4a3f-846c-548378ba082f","order_id":"","type":"LIMIT","symbol":"AAPL","side":"SELL","price":163.94,"quantity":74}}
{"event_type":"order_sent","timestamp":"2026-05-19T17:54:32.9722023+05:30","order_sent":{"request_id":"85f70b5e-74fe-4eb7-b691-99f0cc913b58","order_id":"ord-8596336314904891017","type":"CANCEL","symbol":"","side":""}}
{"event_type":"order_sent","timestamp":"2026-05-19T17:54:32.9722023+05:30","order_sent":{"request_id":"7af54eea-0d16-4871-8150-ce55f118869b","order_id":"","type":"LIMIT","symbol":"AAPL","side":"BUY","price":947.91,"quantity":86}}
{"event_type":"order_sent","timestamp":"2026-05-19T17:54:32.9722023+05:30","order_sent":{"request_id":"90e92364-b6e9-4249-8105-a06e76c0a8a7","order_id":"","type":"LIMIT","symbol":"MSFT","side":"SELL","price":813.2,"quantity":18}}
{"event_type":"order_sent","timestamp":"2026-05-19T17:54:32.9722023+05:30","order_sent":{"request_id":"81a868d6-3dbc-4d8a-881a-03ea66247f77","order_id":"ord-9065686142533595852","type":"CANCEL","symbol":"","side":""}}
{"event_type":"order_sent","timestamp":"2026-05-19T17:54:32.9722023+05:30","order_sent":{"request_id":"75b090b0-a509-4908-b0fc-9fd853671424","order_id":"","type":"LIMIT","symbol":"AMZN","side":"SELL","price":920.77,"quantity":44}}
{"event_type":"order_sent","timestamp":"2026-05-19T17:54:32.9722023+05:30","order_sent":{"request_id":"babb16fa-c974-4cb1-a09e-d6fc066bb86d","order_id":"","type":"LIMIT","symbol":"GOOG","side":"SELL","price":202.56,"quantity":43}}
{"event_type":"order_sent","timestamp":"2026-05-19T17:54:32.9722023+05:30","order_sent":{"request_id":"5e1ca9da-bf7a-4c67-8503-5591659d3276","order_id":"","type":"LIMIT","symbol":"GOOG","side":"SELL","price":687.96,"quantity":6}}
{"event_type":"order_sent","timestamp":"2026-05-19T17:54:32.9722023+05:30","order_sent":{"request_id":"cbaf6bfb-f3c5-43ca-a396-ad4405db6cd7","order_id":"","type":"LIMIT","symbol":"GOOG","side":"SELL","price":170.76,"quantity":65}}
{"event_type":"order_sent","timestamp":"2026-05-19T17:54:32.9722023+05:30","order_sent":{"request_id":"77b5af6e-0fae-43b3-9c91-8e2e0f952ef3","order_id":"ord-1692910802519457668","type":"CANCEL","symbol":"","side":""}}
{"event_type":"order_sent","timestamp":"2026-05-19T17:54:32.9722023+05:30","order_sent":{"request_id":"e8cee886-a909-46e5-928c-59910df196ea","order_id":"ord-7811674222795414204","type":"CANCEL","symbol":"","side":""}}
{"event_type":"order_sent","timestamp":"2026-05-19T17:54:32.9722023+05:30","order_sent":{"request_id":"d421a0bc-bf68-44c0-b8f9-68e912b2923b","order_id":"","type":"MARKET","symbol":"MSFT","side":"BUY","quantity":1}}
{"event_type":"order_sent","timestamp":"2026-05-19T17:54:32.9722023+05:30","order_sent":{"request_id":"0dc597b4-9b31-4f31-a1f3-9e25f01e290e","order_id":"","type":"LIMIT","symbol":"GOOG","side":"SELL","price":783.96,"quantity":68}}
{"event_type":"order_sent","timestamp":"2026-05-19T17:54:32.9722023+05:30","order_sent":{"request_id":"a98499d3-5494-448f-b6b8-f5ce04800d41","order_id":"","type":"MARKET","symbol":"MSFT","side":"BUY","quantity":32}}
{"event_type":"order_sent","timestamp":"2026-05-19T17:54:32.9722023+05:30","order_sent":{"request_id":"83065562-3a32-4123-8592-f3bd3c1f5ffa","order_id":"","type":"LIMIT","symbol":"MSFT","side":"BUY","price":618.38,"quantity":55}}
{"event_type":"order_sent","timestamp":"2026-05-19T17:54:32.9722023+05:30","order_sent":{"request_id":"02bf7e81-84b4-46af-8907-8e15485e098b","order_id":"","type":"LIMIT","symbol":"GOOG","side":"BUY","price":789.71,"quantity":96}}
{"event_type":"order_sent","timestamp":"2026-05-19T17:54:32.9722023+05:30","order_sent":{"request_id":"96ec9677-36f5-49a9-9171-79d1b69acc08","order_id":"","type":"LIMIT","symbol":"MSFT","side":"BUY","price":150.93,"quantity":15}}
{"event_type":"order_sent","timestamp":"2026-05-19T17:54:32.9722023+05:30","order_sent":{"request_id":"2e67989b-bbd6-4318-b151-14766f72ee38","order_id":"","type":"LIMIT","symbol":"AMZN","side":"BUY","price":549.07,"quantity":95}}
{"event_type":"order_sent","timestamp":"2026-05-19T17:54:32.9722023+05:30","order_sent":{"request_id":"407e1530-c73d-4b1d-ba66-6dfa791726bd","order_id":"","type":"MARKET","symbol":"MSFT","side":"SELL","quantity":24}}
{"event_type":"order_sent","timestamp":"2026-05-19T17:54:32.9722023+05:30","order_sent":{"request_id":"c67c0388-32f2-4c63-a694-e9671a44b78d","order_id":"","type":"MARKET","symbol":"AMZN","side":"BUY","quantity":38}}
{"event_type":"order_sent","timestamp":"2026-05-19T17:54:32.9722023+05:30","order_sent":{"request_id":"17a3d443-f4b1-4c6c-b8fc-e59fe99bbf14","order_id":"ord-8131834091284234141","type":"CANCEL","symbol":"","side":""}}
{"event_type":"order_sent","timestamp":"2026-05-19T17:54:32.9722023+05:30","order_sent":{"request_id":"7acd7e44-4d52-4916-a693-9ad722ab9af0","order_id":"","type":"MARKET","symbol":"AMZN","side":"SELL","quantity":39}}
{"event_type":"order_sent","timestamp":"2026-05-19T17:54:32.9722023+05:30","order_sent":{"request_id":"1eac3aa7-bebb-4b56-b355-3b69c4d76cc7","order_id":"","type":"MARKET","symbol":"MSFT","side":"SELL","quantity":38}}
{"event_type":"order_sent","timestamp":"2026-05-19T17:54:32.9722023+05:30","order_sent":{"request_id":"fcd26042-7fd3-47e1-90ee-c86afbf67bc6","order_id":"","type":"LIMIT","symbol":"TSLA","side":"BUY","price":186.89,"quantity":62}}
{"event_type":"order_sent","timestamp":"2026-05-19T17:54:32.9722023+05:30","order_sent":{"request_id":"60cd2c9f-5021-4302-9eef-490f1ada6e67","order_id":"","type":"MARKET","symbol":"AAPL","side":"SELL","quantity":27}}
{"event_type":"order_sent","timestamp":"2026-05-19T17:54:32.9722023+05:30","order_sent":{"request_id":"412ef73d-2c33-46bc-9b85-1cf7903e301d","order_id":"","type":"LIMIT","symbol":"AMZN","side":"SELL","price":232.3,"quantity":94}}
{"event_type":"order_sent","timestamp":"2026-05-19T17:54:32.9722023+05:30","order_sent":{"request_id":"7ce96f4d-091a-46f6-bdfe-ce3b03eb544a","order_id":"","type":"LIMIT","symbol":"MSFT","side":"SELL","price":923.64,"quantity":68}}
{"event_type":"order_sent","timestamp":"2026-05-19T17:54:32.9722023+05:30","order_sent":{"request_id":"d2b2f154-c26f-4e9d-b1d7-e970b1679b45","order_id":"ord-2506320510906641838","type":"CANCEL","symbol":"","side":""}}
{"event_type":"order_sent","timestamp":"2026-05-19T17:54:32.9722023+05:30","order_sent":{"request_id":"ef32fcde-7041-44e8-91cd-673a2ceabe80","order_id":"","type":"LIMIT","symbol":"AAPL","side":"SELL","price":739.07,"quantity":7}}
{"event_type":"order_sent","timestamp":"2026-05-19T17:54:32.9722023+05:30","order_sent":{"request_id":"a6ba6807-37d7-4229-af84-9a278a902d24","order_id":"","type":"LIMIT","symbol":"AMZN","side":"SELL","price":943.06,"quantity":74}}
{"event_type":"order_sent","timestamp":"2026-05-19T17:54:32.9722023+05:30","order_sent":{"request_id":"982c03e9-385b-4618-8e28-b35e4023654a","order_id":"","type":"MARKET","symbol":"TSLA","side":"BUY","quantity":2}}
{"event_type":"order_sent","timestamp":"2026-05-19T17:54:32.9722023+05:30","order_sent":{"request_id":"2c4bde83-921f-4cbe-b4c0-3e0804894014","order_id":"","type":"MARKET","symbol":"AAPL","side":"SELL","quantity":33}}
{"event_type":"order_sent","timestamp":"2026-05-19T17:54:32.9722023+05:30","order_sent":{"request_id":"7d61184a-2e07-44f8-b5c8-01c3ed434881","order_id":"ord-814148568136633295","type":"CANCEL","symbol":"","side":""}}
{"event_type":"order_sent","timestamp":"2026-05-19T17:54:32.9722023+05:30","order_sent":{"request_id":"d4362b99-4656-45b9-912c-9c71953c4a11","order_id":"ord-9153675642422808240","type":"CANCEL","symbol":"","side":""}}
{"event_type":"order_sent","timestamp":"2026-05-19T17:54:32.9722023+05:30","order_sent":{"request_id":"b0a819f7-02de-4ec5-ba6c-7b431fa35ca6","order_id":"","type":"LIMIT","symbol":"MSFT","side":"BUY","price":896.27,"quantity":67}}
{"event_type":"order_sent","timestamp":"2026-05-19T17:54:32.9722023+05:30","order_sent":{"request_id":"070dfc78-d05f-4643-8cd1-6ea898c62479","order_id":"","type":"MARKET","symbol":"AAPL","side":"SELL","quantity":10}}
{"event_type":"order_sent","timestamp":"2026-05-19T17:54:32.9722023+05:30","order_sent":{"request_id":"07220323-2e5d-47e4-adbe-0e9621dcb78a","order_id":"ord-1659859956182437367","type":"CANCEL","symbol":"","side":""}}
{"event_type":"order_sent","timestamp":"2026-05-19T17:54:32.9722023+05:30","order_sent":{"request_id":"f2c35ee0-816e-469f-9824-52cee3555c60","order_id":"","type":"LIMIT","symbol":"AAPL","side":"BUY","price":102.48,"quantity":52}}
{"event_type":"order_sent","timestamp":"2026-05-19T17:54:32.9722023+05:30","order_sent":{"request_id":"f29f9bfe-bfcd-40c5-9a08-aae8de719e51","order_id":"ord-8517482542065777058","type":"CANCEL","symbol":"","side":""}}
{"event_type":"order_sent","timestamp":"2026-05-19T17:54:32.9722023+05:30","order_sent":{"request_id":"b0e3bd75-a75b-4d8b-8a13-f988ef3459e9","order_id":"ord-4767915172531652517","type":"CANCEL","symbol":"","side":""}}
{"event_type":"order_sent","timestamp":"2026-05-19T17:54:32.9722023+05:30","order_sent":{"request_id":"6bff3776-32eb-44e0-b399-6669892bd290","order_id":"","type":"MARKET","symbol":"TSLA","side":"BUY","quantity":14}}
{"event_type":"order_sent","timestamp":"2026-05-19T17:54:32.9722023+05:30","order_sent":{"request_id":"d0dd844c-6e51-4322-945d-91e117748a5b","order_id":"","type":"LIMIT","symbol":"AAPL","side":"BUY","price":833.94,"quantity":45}}
{"event_type":"order_sent","timestamp":"2026-05-19T17:54:32.9722023+05:30","order_sent":{"request_id":"24a88ade-b907-48b2-820c-7893cba75c21","order_id":"","type":"LIMIT","symbol":"AMZN","side":"SELL","price":335.89,"quantity":17}}
{"event_type":"order_sent","timestamp":"2026-05-19T17:54:32.9722023+05:30","order_sent":{"request_id":"5f55a725-ffed-4118-a2ec-7170fe548a38","order_id":"","type":"MARKET","symbol":"AAPL","side":"BUY","quantity":38}}
{"event_type":"order_sent","timestamp":"2026-05-19T17:54:32.9722023+05:30","order_sent":{"request_id":"01effb7c-1d35-4283-8eee-5d30f5585c91","order_id":"","type":"LIMIT","symbol":"GOOG","side":"BUY","price":521.2,"quantity":50}}
{"event_type":"order_sent","timestamp":"2026-05-19T17:54:32.9722023+05:30","order_sent":{"request_id":"9e105fd0-6f38-4e1f-8501-d99bfeb8b1ff","order_id":"","type":"LIMIT","symbol":"TSLA","side":"SELL","price":877.19,"quantity":60}}
{"event_type":"order_sent","timestamp":"2026-05-19T17:54:32.9722023+05:30","order_sent":{"request_id":"5cd59fcf-3040-420b-bb35-04b071df99e4","order_id":"","type":"MARKET","symbol":"AAPL","side":"SELL","quantity":14}}
{"event_type":"order_sent","timestamp":"2026-05-19T17:54:32.9722023+05:30","order_sent":{"request_id":"e3dce6e7-56b3-439a-abd1-9296b18c5afa","order_id":"","type":"LIMIT","symbol":"AMZN","side":"SELL","price":157.95,"quantity":77}}
{"event_type":"order_sent","timestamp":"2026-05-19T17:54:32.9722023+05:30","order_sent":{"request_id":"c6cc8bd3-f5b1-4a79-ad72-9ef3d8f41a82","order_id":"ord-1367530029511618652","type":"CANCEL","symbol":"","side":""}}
{"event_type":"order_sent","timestamp":"2026-05-19T17:54:32.9722023+05:30","order_sent":{"request_id":"7d500f92-0582-4c5d-9e15-12fbc121c09a","order_id":"ord-1037045199584682022","type":"CANCEL","symbol":"","side":""}}
{"event_type":"order_sent","timestamp":"2026-05-19T17:54:32.9722023+05:30","order_sent":{"request_id":"14aa3a8f-25d4-476d-a8d0-f074256ef4ab","order_id":"","type":"MARKET","symbol":"AAPL","side":"SELL","quantity":9}}
{"event_type":"order_sent","timestamp":"2026-05-19T17:54:32.9722023+05:30","order_sent":{"request_id":"313275c1-0753-4233-babc-7c92a6f9f45e","order_id":"ord-3898788025789808829","type":"CANCEL","symbol":"","side":""}}
{"event_type":"order_sent","timestamp":"2026-05-19T17:54:32.9722023+05:30","order_sent":{"request_id":"ca0b51b9-7b7f-44d9-a1b9-75e08d3b6cf1","order_id":"","type":"LIMIT","symbol":"AAPL","side":"BUY","price":353.18,"quantity":12}}
{"event_type":"order_sent","timestamp":"2026-05-19T17:54:32.9722023+05:30","order_sent":{"request_id":"1c3ab39b-d189-4c61-b3d8-1c0d5c22e5f8","order_id":"","type":"LIMIT","symbol":"AAPL","side":"BUY","price":724.98,"quantity":30}}
{"event_type":"order_sent","timestamp":"2026-05-19T17:54:32.9722023+05:30","order_sent":{"request_id":"c4779f6b-5a09-49ee-a160-36704e2fa89a","order_id":"","type":"LIMIT","symbol":"MSFT","side":"BUY","price":131.68,"quantity":5}}
{"event_type":"order_sent","timestamp":"2026-05-19T17:54:32.9722023+05:30","order_sent":{"request_id":"c36a249a-6afd-452a-b1f4-577a5e028658","order_id":"","type":"LIMIT","symbol":"GOOG","side":"BUY","price":719.37,"quantity":5}}
{"event_type":"order_sent","timestamp":"2026-05-19T17:54:32.9722023+05:30","order_sent":{"request_id":"26b364e0-083b-48f3-9f00-5d243047f55a","order_id":"","type":"MARKET","symbol":"AAPL","side":"SELL","quantity":28}}
{"event_type":"order_acked","timestamp":"2026-05-19T17:54:32.9806329+05:30","order_acked":{"request_id":"c7f7556b-5da2-40f3-b365-4ae92e17311d","status_code":200}}
{"event_type":"order_acked","timestamp":"2026-05-19T17:54:32.9844114+05:30","order_acked":{"request_id":"f829062c-6370-4f32-8e08-fb2934a43c5a","status_code":200}}
{"event_type":"order_acked","timestamp":"2026-05-19T17:54:32.9879929+05:30","order_acked":{"request_id":"306efac3-9de7-4ef7-91b7-a507f8d504f2","status_code":201}}
{"event_type":"order_acked","timestamp":"2026-05-19T17:54:32.9896573+05:30","order_acked":{"request_id":"e1fa3f6d-10cc-46a7-8eef-502e61a2b2df","status_code":201}}
{"event_type":"execution_report","timestamp":"2026-05-19T17:54:32.9979297+05:30","execution":{"order_id":"2e5d7c3c-40ee-4597-a298-538b620e1582","symbol":"MSFT","side":"BUY","status":"filled","filled_qty":100,"leaves_qty":0,"price":719.53,"timestamp":"2026-05-19T12:24:32Z","match_id":"1ba37240-d23f-411a-8e7e-73b5d0587403"}}
{"event_type":"execution_report","timestamp":"2026-05-19T17:54:33.0017989+05:30","execution":{"order_id":"a0ad1ec9-bff1-403a-b652-44f74eafb565","symbol":"AAPL","side":"BUY","status":"filled","filled_qty":42,"leaves_qty":0,"price":432.99,"timestamp":"2026-05-19T12:24:33Z","match_id":"3ff84337-3914-4787-ac09-d6bc1aa55580"}}
{"event_type":"execution_report","timestamp":"2026-05-19T17:54:33.0017989+05:30","execution":{"order_id":"2cc85664-79bc-41ca-96a2-dd42f68b39af","symbol":"AMZN","side":"BUY","status":"filled","filled_qty":76,"leaves_qty":0,"price":395.49,"timestamp":"2026-05-19T12:24:33Z","match_id":"108f7ff9-3a7f-404d-b378-5bbfb0c0949a"}}
{"event_type":"order_acked","timestamp":"2026-05-19T17:54:33.0063572+05:30","order_acked":{"request_id":"f4f3b2f8-2496-433c-891e-2c42c39e64a8","status_code":201}}
{"event_type":"order_acked","timestamp":"2026-05-19T17:54:33.0063572+05:30","order_acked":{"request_id":"44b7a452-9602-4092-970f-b224ae765846","status_code":201}}
{"event_type":"order_acked","timestamp":"2026-05-19T17:54:33.0083371+05:30","order_acked":{"request_id":"6f7a9b11-3873-4c92-a013-828f66f81b25","status_code":201}}
{"event_type":"order_acked","timestamp":"2026-05-19T17:54:33.0099513+05:30","order_acked":{"request_id":"9c6a3e4b-f5b3-49f2-8b31-6713fa046d50","status_code":201}}
{"event_type":"order_acked","timestamp":"2026-05-19T17:54:33.0148491+05:30","order_acked":{"request_id":"bc1dd776-9256-49bb-a4ad-0502e3356566","status_code":201}}
{"event_type":"order_acked","timestamp":"2026-05-19T17:54:33.0183314+05:30","order_acked":{"request_id":"1b876348-03b7-4468-bb27-cf1b4e09a6ef","status_code":201}}
{"event_type":"order_acked","timestamp":"2026-05-19T17:54:33.0211149+05:30","order_acked":{"request_id":"d440bfb2-aac7-4105-86b2-34c3b5b7e36e","status_code":201}}
{"event_type":"order_acked","timestamp":"2026-05-19T17:54:33.0233429+05:30","order_acked":{"request_id":"8cf4b1f9-2cae-448d-9493-3ffee08bfac6","status_code":201}}
{"event_type":"order_acked","timestamp":"2026-05-19T17:54:33.0266741+05:30","order_acked":{"request_id":"a9793bd1-742d-43a3-bd58-97eb919e7959","status_code":200}}
{"event_type":"order_acked","timestamp":"2026-05-19T17:54:33.0293894+05:30","order_acked":{"request_id":"3dfb780a-6d09-471e-acf2-15a9eb7adb21","status_code":200}}
{"event_type":"execution_report","timestamp":"2026-05-19T17:54:33.0315211+05:30","execution":{"order_id":"9a35c2c8-c8f6-48d1-a35f-33c351b8da7c","symbol":"GOOG","side":"SELL","status":"filled","filled_qty":40,"leaves_qty":0,"price":565.45,"timestamp":"2026-05-19T12:24:33Z","match_id":"7dd6d103-c36a-4ab1-9a41-93d9e27c0f43"}}
{"event_type":"order_acked","timestamp":"2026-05-19T17:54:33.0336945+05:30","order_acked":{"request_id":"ab0c74f1-1c85-4aca-8faf-10ded60608b1","status_code":200}}
{"event_type":"order_acked","timestamp":"2026-05-19T17:54:33.0387075+05:30","order_acked":{"request_id":"f13f32bd-0080-41db-8fd5-afc1686b2ce1","status_code":201}}
{"event_type":"order_acked","timestamp":"2026-05-19T17:54:33.0407901+05:30","order_acked":{"request_id":"f1537223-62db-436b-bc42-f01708cc6e9b","status_code":201}}
{"event_type":"order_acked","timestamp":"2026-05-19T17:54:33.0424149+05:30","order_acked":{"request_id":"ea8a1e57-9695-4ae4-a957-01701f491ba0","status_code":200}}
{"event_type":"execution_report","timestamp":"2026-05-19T17:54:33.0457158+05:30","execution":{"order_id":"20425a40-128f-47b7-a0e5-9b3d840bc907","symbol":"GOOG","side":"BUY","status":"filled","filled_qty":17,"leaves_qty":0,"price":543.65,"timestamp":"2026-05-19T12:24:33Z","match_id":"0d088e09-cc51-445f-9de5-e1c764c88bb3"}}
{"event_type":"order_acked","timestamp":"2026-05-19T17:54:33.0473326+05:30","order_acked":{"request_id":"1607c8a4-907a-4a03-b920-77cf146d5cb8","status_code":201}}
{"event_type":"execution_report","timestamp":"2026-05-19T17:54:33.0478914+05:30","execution":{"order_id":"1823da2e-713a-444e-8459-e1e5cf051a9d","symbol":"AMZN","side":"SELL","status":"filled","filled_qty":99,"leaves_qty":0,"price":493.94,"timestamp":"2026-05-19T12:24:33Z","match_id":"55d1f964-cbf6-4694-84f8-bc13abdf500b"}}
{"event_type":"order_acked","timestamp":"2026-05-19T17:54:33.0518077+05:30","order_acked":{"request_id":"febaa24a-596a-4190-9c71-3e442cad60c9","status_code":201}}
{"event_type":"execution_report","timestamp":"2026-05-19T17:54:33.0523637+05:30","execution":{"order_id":"5fab3451-cf7e-4206-b64c-ae378c6e2ca5","symbol":"AMZN","side":"BUY","status":"filled","filled_qty":92,"leaves_qty":0,"price":679.11,"timestamp":"2026-05-19T12:24:33Z","match_id":"45e5b76c-f9a5-4bc4-bbd6-6dead80b4ece"}}
{"event_type":"order_acked","timestamp":"2026-05-19T17:54:33.0540537+05:30","order_acked":{"request_id":"204da62a-38b8-4605-8c26-194696800c03","status_code":201}}
{"event_type":"order_acked","timestamp":"2026-05-19T17:54:33.0556988+05:30","order_acked":{"request_id":"729352cf-2428-4513-82d3-3d5abb432cf4","status_code":201}}
{"event_type":"order_acked","timestamp":"2026-05-19T17:54:33.0567965+05:30","order_acked":{"request_id":"8c5974a0-0e3b-4e46-a3d7-5480b2160599","status_code":201}}
{"event_type":"execution_report","timestamp":"2026-05-19T17:54:33.058972+05:30","execution":{"order_id":"9ddbb833-036e-42a3-b24a-8754a45c26cb","symbol":"TSLA","side":"SELL","status":"filled","filled_qty":63,"leaves_qty":0,"price":505.13,"timestamp":"2026-05-19T12:24:33Z","match_id":"2f2f5f78-da9c-4c27-bcbe-feede255a9e0"}}
{"event_type":"order_acked","timestamp":"2026-05-19T17:54:33.0600258+05:30","order_acked":{"request_id":"68b446c7-2ae2-44f0-8de2-8c25baf82ffb","status_code":201}}
{"event_type":"execution_report","timestamp":"2026-05-19T17:54:33.0611197+05:30","execution":{"order_id":"a3efecd6-811d-4c42-93e9-f35899072dbf","symbol":"AAPL","side":"SELL","status":"filled","filled_qty":4,"leaves_qty":0,"price":253.04,"timestamp":"2026-05-19T12:24:33Z","match_id":"6c8178b9-d4ff-4b51-9601-9d1a4239283b"}}
{"event_type":"execution_report","timestamp":"2026-05-19T17:54:33.0611197+05:30","execution":{"order_id":"d58e3560-aba3-436c-a928-5ef0185c4781","symbol":"TSLA","side":"BUY","status":"filled","filled_qty":97,"leaves_qty":0,"price":117.46,"timestamp":"2026-05-19T12:24:33Z","match_id":"b19a9091-1080-4372-96a4-fcaa29a20fd6"}}
{"event_type":"execution_report","timestamp":"2026-05-19T17:54:33.0654975+05:30","execution":{"order_id":"f80ef33a-8d84-4b7a-b2a7-2e6fe3320e95","symbol":"MSFT","side":"BUY","status":"filled","filled_qty":81,"leaves_qty":0,"price":987.79,"timestamp":"2026-05-19T12:24:33Z","match_id":"e7c5f682-967c-47c5-b84e-9a87922d7f67"}}
{"event_type":"order_acked","timestamp":"2026-05-19T17:54:33.0677083+05:30","order_acked":{"request_id":"44d3b780-bc70-4729-97b8-c0ac397782bb","status_code":201}}
{"event_type":"order_acked","timestamp":"2026-05-19T17:54:33.0682348+05:30","order_acked":{"request_id":"759af372-d3c8-4262-88be-25e3c269267d","status_code":201}}
{"event_type":"order_acked","timestamp":"2026-05-19T17:54:33.0693527+05:30","order_acked":{"request_id":"78d267c3-30ce-4d58-bdbf-448a1095a6c3","status_code":201}}
{"event_type":"order_acked","timestamp":"2026-05-19T17:54:33.0732326+05:30","order_acked":{"request_id":"17e9323a-3f9c-49f6-8542-30e9466b8a33","status_code":201}}
{"event_type":"order_acked","timestamp":"2026-05-19T17:54:33.0770296+05:30","order_acked":{"request_id":"5425a3b0-bcca-4f17-b91a-55e0e3b68a09","status_code":201}}
{"event_type":"execution_report","timestamp":"2026-05-19T17:54:33.0770296+05:30","execution":{"order_id":"6f2df23f-f97e-4042-ac09-8fb5a60c8129","symbol":"TSLA","side":"SELL","status":"filled","filled_qty":92,"leaves_qty":0,"price":323.54,"timestamp":"2026-05-19T12:24:33Z","match_id":"2e41bb37-e7cb-412e-a8fc-f824517fe277"}}
{"event_type":"execution_report","timestamp":"2026-05-19T17:54:33.0775779+05:30","execution":{"order_id":"f057bc48-d431-4d27-8b99-41fdcabf695e","symbol":"MSFT","side":"BUY","status":"filled","filled_qty":6,"leaves_qty":0,"price":340.97,"timestamp":"2026-05-19T12:24:33Z","match_id":"baceee58-edda-4b95-9bc7-c589fa9179c2"}}
{"event_type":"execution_report","timestamp":"2026-05-19T17:54:33.078118+05:30","execution":{"order_id":"11b84fe0-fd78-4c26-bda5-fea16840dcd2","symbol":"AMZN","side":"BUY","status":"filled","filled_qty":25,"leaves_qty":0,"price":272.58,"timestamp":"2026-05-19T12:24:33Z","match_id":"4e480d05-3d8e-4ed1-bde8-f0c0d5e83b8d"}}
{"event_type":"execution_report","timestamp":"2026-05-19T17:54:33.0792248+05:30","execution":{"order_id":"63f41265-b89b-42bf-ab26-dfb8c7e5e46e","symbol":"TSLA","side":"SELL","status":"filled","filled_qty":92,"leaves_qty":0,"price":116.14,"timestamp":"2026-05-19T12:24:33Z","match_id":"b5db8dc7-1037-4813-8c0d-f6444b3155e3"}}
{"event_type":"order_acked","timestamp":"2026-05-19T17:54:33.0803488+05:30","order_acked":{"request_id":"90e92364-b6e9-4249-8105-a06e76c0a8a7","status_code":201}}
{"event_type":"order_acked","timestamp":"2026-05-19T17:54:33.081967+05:30","order_acked":{"request_id":"261bd604-b655-4b57-be2c-8362bfcde8be","status_code":200}}
{"event_type":"order_acked","timestamp":"2026-05-19T17:54:33.0847202+05:30","order_acked":{"request_id":"b911899d-db07-41d0-8831-eb0150dc4e28","status_code":201}}
{"event_type":"execution_report","timestamp":"2026-05-19T17:54:33.0858725+05:30","execution":{"order_id":"ea1f5de3-6479-4979-aca9-3e8cfb810aa2","symbol":"MSFT","side":"SELL","status":"filled","filled_qty":18,"leaves_qty":0,"price":813.2,"timestamp":"2026-05-19T12:24:33Z","match_id":"9e174d20-f6a8-4e3d-b214-b27442d914c8"}}
{"event_type":"order_acked","timestamp":"2026-05-19T17:54:33.0885768+05:30","order_acked":{"request_id":"f0ddbebe-1733-448a-93a4-06b915c28cba","status_code":201}}
{"event_type":"order_acked","timestamp":"2026-05-19T17:54:33.0946237+05:30","order_acked":{"request_id":"0cd7f298-ffb0-405f-9575-dbbac5e87d8e","status_code":201}}
{"event_type":"order_acked","timestamp":"2026-05-19T17:54:33.0962693+05:30","order_acked":{"request_id":"60cd2c9f-5021-4302-9eef-490f1ada6e67","status_code":201}}
{"event_type":"order_acked","timestamp":"2026-05-19T17:54:33.1001323+05:30","order_acked":{"request_id":"b1a4447d-d4d1-4a46-af92-66b45a5b4657","status_code":201}}
{"event_type":"execution_report","timestamp":"2026-05-19T17:54:33.1051471+05:30","execution":{"order_id":"3d5cd68f-db1a-450d-805e-4f34dd85f2ac","symbol":"AMZN","side":"BUY","status":"filled","filled_qty":45,"leaves_qty":0,"price":423.69,"timestamp":"2026-05-19T12:24:33Z","match_id":"70fc63bd-3940-45ee-b8ed-11746c2bd4fa"}}
{"event_type":"order_acked","timestamp":"2026-05-19T17:54:33.1073366+05:30","order_acked":{"request_id":"b1b7dcc6-99c4-41d8-9050-512be9611776","status_code":201}}
{"event_type":"order_acked","timestamp":"2026-05-19T17:54:33.1100798+05:30","order_acked":{"request_id":"e4dc9365-db84-40ca-b660-30092e18c460","status_code":201}}
{"event_type":"order_acked","timestamp":"2026-05-19T17:54:33.1117017+05:30","order_acked":{"request_id":"fcd26042-7fd3-47e1-90ee-c86afbf67bc6","status_code":201}}
{"event_type":"execution_report","timestamp":"2026-05-19T17:54:33.1117017+05:30","execution":{"order_id":"1f5d67e5-d235-4ffe-88ed-0aba79adbd31","symbol":"AMZN","side":"BUY","status":"filled","filled_qty":48,"leaves_qty":0,"price":474.47,"timestamp":"2026-05-19T12:24:33Z","match_id":"92535c81-3833-48dd-9c0d-6e00e4730a95"}}
{"event_type":"order_acked","timestamp":"2026-05-19T17:54:33.1172395+05:30","order_acked":{"request_id":"cbaf6bfb-f3c5-43ca-a396-ad4405db6cd7","status_code":201}}
{"event_type":"execution_report","timestamp":"2026-05-19T17:54:33.1183225+05:30","execution":{"order_id":"fa38c1d1-fd4f-4463-95df-6ec9ee3c544e","symbol":"TSLA","side":"BUY","status":"filled","filled_qty":62,"leaves_qty":0,"price":186.89,"timestamp":"2026-05-19T12:24:33Z","match_id":"e34a1c82-c174-4249-a516-44bb6a51e970"}}
{"event_type":"order_acked","timestamp":"2026-05-19T17:54:33.1199464+05:30","order_acked":{"request_id":"d4362b99-4656-45b9-912c-9c71953c4a11","status_code":200}}
{"event_type":"execution_report","timestamp":"2026-05-19T17:54:33.1199464+05:30","execution":{"order_id":"c5b431e9-7f3e-4379-bb26-aec1a18abda5","symbol":"AAPL","side":"SELL","status":"filled","filled_qty":52,"leaves_qty":0,"price":538.88,"timestamp":"2026-05-19T12:24:33Z","match_id":"d7c7ed7b-c351-4763-b7b2-408f3553bdc8"}}
{"event_type":"execution_report","timestamp":"2026-05-19T17:54:33.1210049+05:30","execution":{"order_id":"4653821f-752a-4dce-8ec5-751534a13264","symbol":"GOOG","side":"SELL","status":"filled","filled_qty":65,"leaves_qty":0,"price":170.76,"timestamp":"2026-05-19T12:24:33Z","match_id":"4283f400-9afe-47be-a417-f1efa30670b2"}}
{"event_type":"order_acked","timestamp":"2026-05-19T17:54:33.1220939+05:30","order_acked":{"request_id":"0dc597b4-9b31-4f31-a1f3-9e25f01e290e","status_code":201}}
{"event_type":"order_acked","timestamp":"2026-05-19T17:54:33.1231641+05:30","order_acked":{"request_id":"b6ad4d86-1847-4289-bca4-407d36e44c28","status_code":201}}
{"event_type":"execution_report","timestamp":"2026-05-19T17:54:33.1295285+05:30","execution":{"order_id":"51aaaf15-a735-4262-a118-648d5fb87197","symbol":"GOOG","side":"SELL","status":"filled","filled_qty":68,"leaves_qty":0,"price":783.96,"timestamp":"2026-05-19T12:24:33Z","match_id":"5706f6e5-7d52-4d0d-8e45-e0cecdc1d5de"}}
{"event_type":"order_acked","timestamp":"2026-05-19T17:54:33.1300818+05:30","order_acked":{"request_id":"7d61184a-2e07-44f8-b5c8-01c3ed434881","status_code":200}}
{"event_type":"execution_report","timestamp":"2026-05-19T17:54:33.1323392+05:30","execution":{"order_id":"54a1539c-5c35-40bb-b70c-4988b192e381","symbol":"AMZN","side":"BUY","status":"filled","filled_qty":100,"leaves_qty":0,"price":289.9,"timestamp":"2026-05-19T12:24:33Z","match_id":"b7139023-f13a-4417-b288-2b77f4f3fb84"}}
{"event_type":"order_acked","timestamp":"2026-05-19T17:54:33.1323392+05:30","order_acked":{"request_id":"e2c525c6-50a7-448a-949a-a4ebc8824e4c","status_code":201}}
{"event_type":"order_acked","timestamp":"2026-05-19T17:54:33.1328833+05:30","order_acked":{"request_id":"7af54eea-0d16-4871-8150-ce55f118869b","status_code":201}}
{"event_type":"order_acked","timestamp":"2026-05-19T17:54:33.1350529+05:30","order_acked":{"request_id":"a98499d3-5494-448f-b6b8-f5ce04800d41","status_code":201}}
{"event_type":"order_acked","timestamp":"2026-05-19T17:54:33.1361381+05:30","order_acked":{"request_id":"7acd7e44-4d52-4916-a693-9ad722ab9af0","status_code":201}}
{"event_type":"execution_report","timestamp":"2026-05-19T17:54:33.1377618+05:30","execution":{"order_id":"7d8d5649-82bb-42c0-9bc3-8f4e24f68e5f","symbol":"TSLA","side":"SELL","status":"filled","filled_qty":64,"leaves_qty":0,"price":883.09,"timestamp":"2026-05-19T12:24:33Z","match_id":"958b3920-6436-4493-b845-2453f96461cb"}}
{"event_type":"execution_report","timestamp":"2026-05-19T17:54:33.1404887+05:30","execution":{"order_id":"93bc2dbb-6846-4ea2-bd51-058e3da2f4c5","symbol":"AAPL","side":"BUY","status":"filled","filled_qty":86,"leaves_qty":0,"price":947.91,"timestamp":"2026-05-19T12:24:33Z","match_id":"dbfb448b-5dfb-4da4-9d61-7d0db9cf18b1"}}
{"event_type":"order_acked","timestamp":"2026-05-19T17:54:33.1416286+05:30","order_acked":{"request_id":"17a3d443-f4b1-4c6c-b8fc-e59fe99bbf14","status_code":200}}
{"event_type":"order_acked","timestamp":"2026-05-19T17:54:33.1439007+05:30","order_acked":{"request_id":"2c4bde83-921f-4cbe-b4c0-3e0804894014","status_code":201}}
{"event_type":"order_acked","timestamp":"2026-05-19T17:54:33.1455498+05:30","order_acked":{"request_id":"ef32fcde-7041-44e8-91cd-673a2ceabe80","status_code":201}}
{"event_type":"order_acked","timestamp":"2026-05-19T17:54:33.1466486+05:30","order_acked":{"request_id":"a13f59e1-1150-4e86-85de-9fcfd6ed1775","status_code":200}}
{"event_type":"execution_report","timestamp":"2026-05-19T17:54:33.1527048+05:30","execution":{"order_id":"5144cf36-b4c9-4367-9a29-b624542002ce","symbol":"AAPL","side":"SELL","status":"filled","filled_qty":7,"leaves_qty":0,"price":739.07,"timestamp":"2026-05-19T12:24:33Z","match_id":"cefde724-f806-433b-b314-894bb219cce6"}}
{"event_type":"order_acked","timestamp":"2026-05-19T17:54:33.1571102+05:30","order_acked":{"request_id":"412ef73d-2c33-46bc-9b85-1cf7903e301d","status_code":201}}
{"event_type":"order_acked","timestamp":"2026-05-19T17:54:33.1581794+05:30","order_acked":{"request_id":"407e1530-c73d-4b1d-ba66-6dfa791726bd","status_code":201}}
{"event_type":"order_acked","timestamp":"2026-05-19T17:54:33.1587367+05:30","order_acked":{"request_id":"02bf7e81-84b4-46af-8907-8e15485e098b","status_code":201}}
{"event_type":"execution_report","timestamp":"2026-05-19T17:54:33.1598494+05:30","execution":{"order_id":"5abdeceb-52c2-408d-b8ee-e33e740c4bb2","symbol":"AMZN","side":"SELL","status":"filled","filled_qty":94,"leaves_qty":0,"price":232.3,"timestamp":"2026-05-19T12:24:33Z","match_id":"0ffc87b5-e219-4e19-8f23-f60b8cd45915"}}
{"event_type":"order_acked","timestamp":"2026-05-19T17:54:33.1614524+05:30","order_acked":{"request_id":"5e1ca9da-bf7a-4c67-8503-5591659d3276","status_code":201}}
{"event_type":"order_acked","timestamp":"2026-05-19T17:54:33.1619821+05:30","order_acked":{"request_id":"85f70b5e-74fe-4eb7-b691-99f0cc913b58","status_code":200}}
{"event_type":"execution_report","timestamp":"2026-05-19T17:54:33.1641889+05:30","execution":{"order_id":"d9de7b98-2620-4b01-9107-a59b60d1689f","symbol":"GOOG","side":"BUY","status":"filled","filled_qty":96,"leaves_qty":0,"price":789.71,"timestamp":"2026-05-19T12:24:33Z","match_id":"64c17c6d-ada0-4ffc-99f5-950d573f2626"}}
{"event_type":"order_acked","timestamp":"2026-05-19T17:54:33.166815+05:30","order_acked":{"request_id":"2e67989b-bbd6-4318-b151-14766f72ee38","status_code":201}}
{"event_type":"execution_report","timestamp":"2026-05-19T17:54:33.1673195+05:30","execution":{"order_id":"fdcd7ece-62c1-4191-a290-d0b03f5e9608","symbol":"GOOG","side":"SELL","status":"filled","filled_qty":6,"leaves_qty":0,"price":687.96,"timestamp":"2026-05-19T12:24:33Z","match_id":"3cd9d19f-cf5b-4d89-bb1c-0d02f9b47d0a"}}
{"event_type":"order_acked","timestamp":"2026-05-19T17:54:33.1689037+05:30","order_acked":{"request_id":"c67c0388-32f2-4c63-a694-e9671a44b78d","status_code":201}}
{"event_type":"execution_report","timestamp":"2026-05-19T17:54:33.1689037+05:30","execution":{"order_id":"41a017a0-bfc4-4aa6-8dd5-bac402d0d46b","symbol":"AMZN","side":"BUY","status":"filled","filled_qty":95,"leaves_qty":0,"price":549.07,"timestamp":"2026-05-19T12:24:33Z","match_id":"f9ab58b9-07ae-4c27-b656-1a2ec6bd292f"}}
{"event_type":"order_acked","timestamp":"2026-05-19T17:54:33.1721403+05:30","order_acked":{"request_id":"96ec9677-36f5-49a9-9171-79d1b69acc08","status_code":201}}
{"event_type":"order_acked","timestamp":"2026-05-19T17:54:33.173781+05:30","order_acked":{"request_id":"da9d9b19-6d50-4e01-925c-0fb667e94538","status_code":200}}
{"event_type":"order_acked","timestamp":"2026-05-19T17:54:33.1756126+05:30","order_acked":{"request_id":"83065562-3a32-4123-8592-f3bd3c1f5ffa","status_code":201}}
{"event_type":"order_acked","timestamp":"2026-05-19T17:54:33.1766944+05:30","order_acked":{"request_id":"81a868d6-3dbc-4d8a-881a-03ea66247f77","status_code":200}}
{"event_type":"execution_report","timestamp":"2026-05-19T17:54:33.1804906+05:30","execution":{"order_id":"11f10ddb-a565-46df-a8f6-817659bd5f34","symbol":"MSFT","side":"BUY","status":"filled","filled_qty":15,"leaves_qty":0,"price":150.93,"timestamp":"2026-05-19T12:24:33Z","match_id":"d54b6ba4-5130-439f-801d-d56dee71887f"}}
{"event_type":"order_acked","timestamp":"2026-05-19T17:54:33.1815808+05:30","order_acked":{"request_id":"77b5af6e-0fae-43b3-9c91-8e2e0f952ef3","status_code":200}}
{"event_type":"execution_report","timestamp":"2026-05-19T17:54:33.1826717+05:30","execution":{"order_id":"859c748e-533e-45fd-9b13-39c0440474e4","symbol":"MSFT","side":"BUY","status":"filled","filled_qty":55,"leaves_qty":0,"price":618.38,"timestamp":"2026-05-19T12:24:33Z","match_id":"b5118a2d-149f-4d40-a9f5-0fa0b531c1cb"}}
{"event_type":"order_acked","timestamp":"2026-05-19T17:54:33.1864597+05:30","order_acked":{"request_id":"a6ba6807-37d7-4229-af84-9a278a902d24","status_code":201}}
{"event_type":"order_acked","timestamp":"2026-05-19T17:54:33.1925545+05:30","order_acked":{"request_id":"d421a0bc-bf68-44c0-b8f9-68e912b2923b","status_code":201}}
{"event_type":"execution_report","timestamp":"2026-05-19T17:54:33.1936644+05:30","execution":{"order_id":"0315dc7c-f851-4e82-af01-f92dab7dd389","symbol":"AMZN","side":"SELL","status":"filled","filled_qty":74,"leaves_qty":0,"price":943.06,"timestamp":"2026-05-19T12:24:33Z","match_id":"48190116-f182-4515-8282-ec87d45b48d3"}}
{"event_type":"order_acked","timestamp":"2026-05-19T17:54:33.1952408+05:30","order_acked":{"request_id":"d2b2f154-c26f-4e9d-b1d7-e970b1679b45","status_code":200}}
{"event_type":"order_acked","timestamp":"2026-05-19T17:54:33.1958164+05:30","order_acked":{"request_id":"34d3ff0a-62ac-4a3f-846c-548378ba082f","status_code":201}}
{"event_type":"order_acked","timestamp":"2026-05-19T17:54:33.1963443+05:30","order_acked":{"request_id":"75b090b0-a509-4908-b0fc-9fd853671424","status_code":201}}
{"event_type":"order_acked","timestamp":"2026-05-19T17:54:33.1968902+05:30","order_acked":{"request_id":"babb16fa-c974-4cb1-a09e-d6fc066bb86d","status_code":201}}
{"event_type":"order_acked","timestamp":"2026-05-19T17:54:33.1979808+05:30","order_acked":{"request_id":"3b9b2ffc-fe17-4e99-a51f-137d997a1583","status_code":201}}
{"event_type":"execution_report","timestamp":"2026-05-19T17:54:33.1985181+05:30","execution":{"order_id":"1fa9a767-6b00-4e90-887c-230e1037d425","symbol":"AMZN","side":"SELL","status":"filled","filled_qty":44,"leaves_qty":0,"price":920.77,"timestamp":"2026-05-19T12:24:33Z","match_id":"6cf055b6-55c3-48e1-a052-59e011c10f6f"}}
{"event_type":"execution_report","timestamp":"2026-05-19T17:54:33.20016+05:30","execution":{"order_id":"1a3afd9e-7bfe-46e5-88d7-cf1779a46cc0","symbol":"GOOG","side":"SELL","status":"filled","filled_qty":43,"leaves_qty":0,"price":202.56,"timestamp":"2026-05-19T12:24:33Z","match_id":"9edcc208-5e72-4476-844d-d80192ef23ad"}}
{"event_type":"execution_report","timestamp":"2026-05-19T17:54:33.20016+05:30","execution":{"order_id":"6028ea33-303b-4488-9fbf-e18b3455b0c4","symbol":"AAPL","side":"SELL","status":"filled","filled_qty":74,"leaves_qty":0,"price":163.94,"timestamp":"2026-05-19T12:24:33Z","match_id":"06b37179-2123-4871-98f3-453c1b93b7be"}}
{"event_type":"order_acked","timestamp":"2026-05-19T17:54:33.2024756+05:30","order_acked":{"request_id":"982c03e9-385b-4618-8e28-b35e4023654a","status_code":201}}
{"event_type":"execution_report","timestamp":"2026-05-19T17:54:33.2030265+05:30","execution":{"order_id":"eebfc258-b1c4-4979-b202-bd98c2b91ba2","symbol":"GOOG","side":"BUY","status":"filled","filled_qty":88,"leaves_qty":0,"price":528.6,"timestamp":"2026-05-19T12:24:33Z","match_id":"21d94abb-1a19-42eb-808d-f352de79ed04"}}
