{"event_type":"order_sent","timestamp":"2026-05-19T18:14:56.314117+05:30","order_sent":{"request_id":"d4e073a0-ca7e-408d-b08c-60fa706ad923","order_id":"","type":"LIMIT","symbol":"AMZN","side":"SELL","price":959.45,"quantity":1}}
{"event_type":"order_sent","timestamp":"2026-05-19T18:14:56.314117+05:30","order_sent":{"request_id":"c0343f92-5ba5-4690-ae1a-2b68bf46180a","order_id":"","type":"LIMIT","symbol":"MSFT","side":"SELL","price":443.3,"quantity":37}}
{"event_type":"order_sent","timestamp":"2026-05-19T18:14:56.314117+05:30","order_sent":{"request_id":"84a9ef04-9524-4cd7-b30a-4360ddb0680f","order_id":"","type":"LIMIT","symbol":"AMZN","side":"SELL","price":142.67,"quantity":44}}
{"event_type":"order_sent","timestamp":"2026-05-19T18:14:56.3146357+05:30","order_sent":{"request_id":"7bacae6d-6d27-4bb3-9743-48a34de1eb44","order_id":"","type":"MARKET","symbol":"GOOG","side":"BUY","quantity":46}}
{"event_type":"order_sent","timestamp":"2026-05-19T18:14:56.3146357+05:30","order_sent":{"request_id":"6b4b98e2-b2ee-4691-b68c-d4bc2f1e9ed4","order_id":"","type":"MARKET","symbol":"MSFT","side":"SELL","quantity":28}}
{"event_type":"order_sent","timestamp":"2026-05-19T18:14:56.3146357+05:30","order_sent":{"request_id":"12032fc2-4f3a-439c-b233-83f9a3a78ac1","order_id":"","type":"MARKET","symbol":"MSFT","side":"BUY","quantity":5}}
{"event_type":"order_sent","timestamp":"2026-05-19T18:14:56.3146357+05:30","order_sent":{"request_id":"8df341ae-cdef-48b5-a292-3ff821a971dd","order_id":"","type":"MARKET","symbol":"GOOG","side":"SELL","quantity":1}}
{"event_type":"order_sent","timestamp":"2026-05-19T18:14:56.3146357+05:30","order_sent":{"request_id":"18ad1e3c-7469-470f-bee5-7fb8b150c3f1","order_id":"ord-5034394945989168885","type":"CANCEL","symbol":"","side":""}}
{"event_type":"order_sent","timestamp":"2026-05-19T18:14:56.3146357+05:30","order_sent":{"request_id":"2a4de65f-3eb8-4410-9355-b3e5edeb7395","order_id":"","type":"LIMIT","symbol":"TSLA","side":"BUY","price":661.78,"quantity":16}}
{"event_type":"order_sent","timestamp":"2026-05-19T18:14:56.3152362+05:30","order_sent":{"request_id":"926969c1-fe83-4ed7-b898-a4523a0f68e4","order_id":"","type":"MARKET","symbol":"MSFT","side":"BUY","quantity":34}}
{"event_type":"order_sent","timestamp":"2026-05-19T18:14:56.3152362+05:30","order_sent":{"request_id":"4e0b85c0-1266-40b7-8d86-dabd9c88d010","order_id":"","type":"LIMIT","symbol":"MSFT","side":"BUY","price":685.26,"quantity":88}}
{"event_type":"order_sent","timestamp":"2026-05-19T18:14:56.3152362+05:30","order_sent":{"request_id":"78439ac8-1a59-46a7-985c-665e405087ff","order_id":"","type":"MARKET","symbol":"TSLA","side":"BUY","quantity":36}}
{"event_type":"order_sent","timestamp":"2026-05-19T18:14:56.3152362+05:30","order_sent":{"request_id":"041fbe98-ec88-4ced-9859-e0bf1449fb78","order_id":"","type":"LIMIT","symbol":"MSFT","side":"SELL","price":305.17,"quantity":65}}
{"event_type":"order_sent","timestamp":"2026-05-19T18:14:56.3152362+05:30","order_sent":{"request_id":"99d11fec-6d59-4aad-95df-bfb4c01778d4","order_id":"ord-6461295962113160436","type":"CANCEL","symbol":"","side":""}}
{"event_type":"order_sent","timestamp":"2026-05-19T18:14:56.3152362+05:30","order_sent":{"request_id":"754c3209-155d-4197-a279-b7a2c3ae9888","order_id":"","type":"MARKET","symbol":"GOOG","side":"SELL","quantity":4}}
{"event_type":"order_sent","timestamp":"2026-05-19T18:14:56.3152362+05:30","order_sent":{"request_id":"2825ebbf-1888-4683-8b7e-96c3f716f479","order_id":"","type":"LIMIT","symbol":"AMZN","side":"SELL","price":911.31,"quantity":30}}
{"event_type":"order_sent","timestamp":"2026-05-19T18:14:56.3146357+05:30","order_sent":{"request_id":"707f67b4-1094-493c-81db-356fbdc33d04","order_id":"","type":"LIMIT","symbol":"AMZN","side":"BUY","price":415.11,"quantity":15}}
{"event_type":"order_sent","timestamp":"2026-05-19T18:14:56.3152362+05:30","order_sent":{"request_id":"b9c9859c-86b5-4006-991a-20f7df74317d","order_id":"","type":"LIMIT","symbol":"AMZN","side":"BUY","price":400.36,"quantity":31}}
{"event_type":"order_sent","timestamp":"2026-05-19T18:14:56.314117+05:30","order_sent":{"request_id":"e8b322f0-86a6-4548-82f3-f4706645a30e","order_id":"ord-3651543024563443910","type":"CANCEL","symbol":"","side":""}}
{"event_type":"order_sent","timestamp":"2026-05-19T18:14:56.3146357+05:30","order_sent":{"request_id":"d59aad7c-09c6-4e03-9727-f1ca75a0ff08","order_id":"","type":"LIMIT","symbol":"MSFT","side":"SELL","price":781.41,"quantity":87}}
{"event_type":"order_sent","timestamp":"2026-05-19T18:14:56.3158093+05:30","order_sent":{"request_id":"9bb715c0-4706-4183-b239-d4689693f9a2","order_id":"","type":"LIMIT","symbol":"TSLA","side":"BUY","price":411.48,"quantity":13}}
{"event_type":"order_sent","timestamp":"2026-05-19T18:14:56.3146357+05:30","order_sent":{"request_id":"29b65d0e-1c16-4c6c-b6ff-ddf2705c5d2e","order_id":"","type":"LIMIT","symbol":"TSLA","side":"BUY","price":749.82,"quantity":11}}
{"event_type":"order_sent","timestamp":"2026-05-19T18:14:56.3152362+05:30","order_sent":{"request_id":"3ccd81bd-2ef7-43c1-93c9-33d4fe231e98","order_id":"","type":"MARKET","symbol":"TSLA","side":"SELL","quantity":10}}
{"event_type":"order_sent","timestamp":"2026-05-19T18:14:56.3152362+05:30","order_sent":{"request_id":"cae8659f-4da0-48ff-bc28-10f3e0490e6d","order_id":"ord-2651762582822003163","type":"CANCEL","symbol":"","side":""}}
{"event_type":"order_sent","timestamp":"2026-05-19T18:14:56.314117+05:30","order_sent":{"request_id":"15ed8978-f4e5-4548-b069-cfad81e65ec6","order_id":"","type":"LIMIT","symbol":"TSLA","side":"BUY","price":421.21,"quantity":69}}
{"event_type":"order_sent","timestamp":"2026-05-19T18:14:56.314117+05:30","order_sent":{"request_id":"6b1e2908-3fdc-4774-b7c0-7a969a1fb5bc","order_id":"","type":"MARKET","symbol":"AAPL","side":"BUY","quantity":28}}
{"event_type":"order_sent","timestamp":"2026-05-19T18:14:56.3152362+05:30","order_sent":{"request_id":"48a68be7-cb1c-4e61-b084-99bebe587b42","order_id":"","type":"MARKET","symbol":"TSLA","side":"SELL","quantity":34}}
{"event_type":"order_sent","timestamp":"2026-05-19T18:14:56.3152362+05:30","order_sent":{"request_id":"28a2114a-2909-4385-a63c-2cfe3d55d1c0","order_id":"","type":"LIMIT","symbol":"AMZN","side":"BUY","price":225.53,"quantity":15}}
{"event_type":"order_sent","timestamp":"2026-05-19T18:14:56.3146357+05:30","order_sent":{"request_id":"cc3f8fa5-5672-442e-b156-21218c406fab","order_id":"ord-8121905043111526611","type":"CANCEL","symbol":"","side":""}}
{"event_type":"order_sent","timestamp":"2026-05-19T18:14:56.314117+05:30","order_sent":{"request_id":"1d4f50b4-bac4-417b-b401-d87747b95652","order_id":"","type":"MARKET","symbol":"AMZN","side":"SELL","quantity":50}}
{"event_type":"order_sent","timestamp":"2026-05-19T18:14:56.314117+05:30","order_sent":{"request_id":"54afcb4f-49e2-46e7-8d20-ec6a0c68251b","order_id":"ord-8048559592706259549","type":"CANCEL","symbol":"","side":""}}
{"event_type":"order_sent","timestamp":"2026-05-19T18:14:56.314117+05:30","order_sent":{"request_id":"44a9811d-0bb2-4345-956e-edf18c0cc7e8","order_id":"","type":"MARKET","symbol":"GOOG","side":"BUY","quantity":1}}
{"event_type":"order_sent","timestamp":"2026-05-19T18:14:56.314117+05:30","order_sent":{"request_id":"15ad4888-c574-4fee-bc70-fe83833f3dff","order_id":"","type":"LIMIT","symbol":"MSFT","side":"BUY","price":803.47,"quantity":17}}
{"event_type":"order_sent","timestamp":"2026-05-19T18:14:56.314117+05:30","order_sent":{"request_id":"99cd5d5d-57fc-4d85-867b-bf12dd29c292","order_id":"","type":"LIMIT","symbol":"TSLA","side":"BUY","price":952.08,"quantity":81}}
{"event_type":"order_sent","timestamp":"2026-05-19T18:14:56.314117+05:30","order_sent":{"request_id":"9f11938c-6b5c-41c1-a7df-b401d250e546","order_id":"","type":"MARKET","symbol":"TSLA","side":"BUY","quantity":6}}
{"event_type":"order_sent","timestamp":"2026-05-19T18:14:56.314117+05:30","order_sent":{"request_id":"5066d920-ff5b-4faa-80cf-19d5c5466546","order_id":"","type":"MARKET","symbol":"AAPL","side":"BUY","quantity":41}}
{"event_type":"order_sent","timestamp":"2026-05-19T18:14:56.314117+05:30","order_sent":{"request_id":"14cdb9fe-9b4e-4ce8-a44c-b51203012283","order_id":"","type":"LIMIT","symbol":"AAPL","side":"BUY","price":515.14,"quantity":1}}
{"event_type":"order_sent","timestamp":"2026-05-19T18:14:56.314117+05:30","order_sent":{"request_id":"760ca0c7-e7b3-4ea7-84b3-ef4a97d349e7","order_id":"","type":"MARKET","symbol":"GOOG","side":"SELL","quantity":9}}
{"event_type":"order_sent","timestamp":"2026-05-19T18:14:56.314117+05:30","order_sent":{"request_id":"ad2ae616-39f7-42af-8e9b-5a321cdc4c64","order_id":"ord-1354606204080374400","type":"CANCEL","symbol":"","side":""}}
{"event_type":"order_sent","timestamp":"2026-05-19T18:14:56.314117+05:30","order_sent":{"request_id":"0f456f7d-9376-430c-aa41-98dd03ded899","order_id":"","type":"LIMIT","symbol":"AMZN","side":"SELL","price":844.44,"quantity":31}}
{"event_type":"order_sent","timestamp":"2026-05-19T18:14:56.314117+05:30","order_sent":{"request_id":"0d45be7b-8255-4568-b951-544f20b751f8","order_id":"","type":"MARKET","symbol":"AAPL","side":"BUY","quantity":35}}
{"event_type":"order_sent","timestamp":"2026-05-19T18:14:56.314117+05:30","order_sent":{"request_id":"490a27b1-adea-4ee4-8211-03644fbb6fea","order_id":"ord-2616112831615250135","type":"CANCEL","symbol":"","side":""}}
{"event_type":"order_sent","timestamp":"2026-05-19T18:14:56.314117+05:30","order_sent":{"request_id":"959dc460-cbf9-4f8b-8717-28f6db5db3f6","order_id":"","type":"MARKET","symbol":"TSLA","side":"SELL","quantity":10}}
{"event_type":"order_sent","timestamp":"2026-05-19T18:14:56.314117+05:30","order_sent":{"request_id":"244d26dc-e5eb-494a-991c-8f3d8883190a","order_id":"","type":"LIMIT","symbol":"TSLA","side":"BUY","price":715.44,"quantity":5}}
{"event_type":"order_sent","timestamp":"2026-05-19T18:14:56.314117+05:30","order_sent":{"request_id":"61bcb049-541b-4367-a498-d7a216fd935a","order_id":"","type":"MARKET","symbol":"AMZN","side":"SELL","quantity":32}}
{"event_type":"order_sent","timestamp":"2026-05-19T18:14:56.314117+05:30","order_sent":{"request_id":"faff0c07-0fcd-4971-a344-aac83a7de534","order_id":"","type":"LIMIT","symbol":"AMZN","side":"SELL","price":900.09,"quantity":45}}
{"event_type":"order_sent","timestamp":"2026-05-19T18:14:56.314117+05:30","order_sent":{"request_id":"30766f32-e03c-41a7-8a19-7f0e146bbf6a","order_id":"","type":"MARKET","symbol":"GOOG","side":"SELL","quantity":46}}
{"event_type":"order_sent","timestamp":"2026-05-19T18:14:56.314117+05:30","order_sent":{"request_id":"29b9683e-6415-4e80-be3c-1082d0efd95e","order_id":"","type":"MARKET","symbol":"AMZN","side":"BUY","quantity":18}}
{"event_type":"order_sent","timestamp":"2026-05-19T18:14:56.314117+05:30","order_sent":{"request_id":"a5fdfe63-2d06-4cc8-9030-82a4c43851cd","order_id":"","type":"LIMIT","symbol":"AMZN","side":"BUY","price":806.7,"quantity":81}}
{"event_type":"order_sent","timestamp":"2026-05-19T18:14:56.314117+05:30","order_sent":{"request_id":"88604b16-2d1a-42bd-82ba-8d53b91e9009","order_id":"ord-1147720823380555441","type":"CANCEL","symbol":"","side":""}}
{"event_type":"order_sent","timestamp":"2026-05-19T18:14:56.314117+05:30","order_sent":{"request_id":"e2cb107c-70b0-42c2-ba0d-c5d3d01b8c0a","order_id":"","type":"LIMIT","symbol":"AMZN","side":"SELL","price":563.51,"quantity":29}}
{"event_type":"order_sent","timestamp":"2026-05-19T18:14:56.314117+05:30","order_sent":{"request_id":"b0c41598-8df0-4659-a0fb-8c1fe2f3d0e6","order_id":"","type":"LIMIT","symbol":"MSFT","side":"BUY","price":238.34,"quantity":64}}
{"event_type":"order_sent","timestamp":"2026-05-19T18:14:56.314117+05:30","order_sent":{"request_id":"1479ffbb-f504-417f-b97f-b5baabdd0777","order_id":"","type":"LIMIT","symbol":"TSLA","side":"SELL","price":198.36,"quantity":57}}
{"event_type":"order_sent","timestamp":"2026-05-19T18:14:56.314117+05:30","order_sent":{"request_id":"c1fc4527-a5e7-4513-9101-682692bf002c","order_id":"","type":"LIMIT","symbol":"MSFT","side":"SELL","price":624.63,"quantity":4}}
{"event_type":"order_sent","timestamp":"2026-05-19T18:14:56.314117+05:30","order_sent":{"request_id":"592144ef-b6f1-47f4-906b-0f9e1b3be2f5","order_id":"","type":"LIMIT","symbol":"MSFT","side":"SELL","price":828.39,"quantity":81}}
{"event_type":"order_sent","timestamp":"2026-05-19T18:14:56.314117+05:30","order_sent":{"request_id":"f39b6185-6874-4746-961e-7bf2ce35f542","order_id":"","type":"LIMIT","symbol":"AAPL","side":"BUY","price":879.02,"quantity":49}}
{"event_type":"order_sent","timestamp":"2026-05-19T18:14:56.314117+05:30","order_sent":{"request_id":"06a6d0fc-3a02-45b6-bc7b-ac59cc3263cb","order_id":"","type":"LIMIT","symbol":"AMZN","side":"SELL","price":201.8,"quantity":100}}
{"event_type":"order_sent","timestamp":"2026-05-19T18:14:56.314117+05:30","order_sent":{"request_id":"115cdac6-2a50-4c7e-ac15-3416a5f9e950","order_id":"","type":"MARKET","symbol":"GOOG","side":"BUY","quantity":17}}
{"event_type":"order_sent","timestamp":"2026-05-19T18:14:56.314117+05:30","order_sent":{"request_id":"0b40a64d-7f96-4951-8fbf-6a019352b340","order_id":"","type":"MARKET","symbol":"AMZN","side":"SELL","quantity":6}}
{"event_type":"order_sent","timestamp":"2026-05-19T18:14:56.314117+05:30","order_sent":{"request_id":"0c95532f-5c79-4183-859b-b5d37d1c7b29","order_id":"","type":"LIMIT","symbol":"MSFT","side":"SELL","price":440.33,"quantity":55}}
{"event_type":"order_sent","timestamp":"2026-05-19T18:14:56.314117+05:30","order_sent":{"request_id":"127aef71-4ca1-480b-919d-6bd50f10cfa4","order_id":"","type":"MARKET","symbol":"GOOG","side":"BUY","quantity":50}}
{"event_type":"order_sent","timestamp":"2026-05-19T18:14:56.314117+05:30","order_sent":{"request_id":"8867417e-30d8-428c-b036-682f698f5afb","order_id":"ord-5570870025751546924","type":"CANCEL","symbol":"","side":""}}
{"event_type":"order_sent","timestamp":"2026-05-19T18:14:56.3146357+05:30","order_sent":{"request_id":"37c6599e-2882-4829-b4ac-88c26ce96cef","order_id":"","type":"MARKET","symbol":"MSFT","side":"SELL","quantity":32}}
{"event_type":"order_sent","timestamp":"2026-05-19T18:14:56.3146357+05:30","order_sent":{"request_id":"d96c129b-0883-4a7a-87f2-afccd5526618","order_id":"","type":"MARKET","symbol":"TSLA","side":"BUY","quantity":36}}
{"event_type":"order_sent","timestamp":"2026-05-19T18:14:56.3146357+05:30","order_sent":{"request_id":"0e6222ab-1fdf-4cba-a8b6-50e94c241559","order_id":"","type":"MARKET","symbol":"AMZN","side":"BUY","quantity":19}}
{"event_type":"order_sent","timestamp":"2026-05-19T18:14:56.314117+05:30","order_sent":{"request_id":"f67045cd-7405-4676-95e9-e27904ea1442","order_id":"","type":"LIMIT","symbol":"AAPL","side":"BUY","price":662.2,"quantity":73}}
{"event_type":"order_sent","timestamp":"2026-05-19T18:14:56.3146357+05:30","order_sent":{"request_id":"c1527db7-d467-45f0-84e7-e4072bf803c7","order_id":"","type":"LIMIT","symbol":"MSFT","side":"BUY","price":273.09,"quantity":59}}
{"event_type":"order_sent","timestamp":"2026-05-19T18:14:56.314117+05:30","order_sent":{"request_id":"9700b652-02e8-4b10-8429-a4970c386d65","order_id":"","type":"MARKET","symbol":"GOOG","side":"BUY","quantity":34}}
{"event_type":"order_sent","timestamp":"2026-05-19T18:14:56.3146357+05:30","order_sent":{"request_id":"8b9a65b9-4b8c-4411-aa84-cfc913c9139f","order_id":"","type":"LIMIT","symbol":"GOOG","side":"SELL","price":331.68,"quantity":50}}
{"event_type":"order_sent","timestamp":"2026-05-19T18:14:56.3146357+05:30","order_sent":{"request_id":"fb492740-3e31-4f58-b51e-7cc0e4f822ec","order_id":"","type":"LIMIT","symbol":"AAPL","side":"SELL","price":360.78,"quantity":8}}
{"event_type":"order_sent","timestamp":"2026-05-19T18:14:56.3146357+05:30","order_sent":{"request_id":"cf957b2c-1163-4cae-b667-11262738abda","order_id":"ord-575722413340685166","type":"CANCEL","symbol":"","side":""}}
{"event_type":"order_sent","timestamp":"2026-05-19T18:14:56.3146357+05:30","order_sent":{"request_id":"c8468a9e-226e-4fa5-a9b7-7d256f89794d","order_id":"","type":"LIMIT","symbol":"AAPL","side":"SELL","price":684.36,"quantity":35}}
{"event_type":"order_sent","timestamp":"2026-05-19T18:14:56.3146357+05:30","order_sent":{"request_id":"5cf0f405-b66b-4098-8474-17d6d9c36683","order_id":"","type":"MARKET","symbol":"GOOG","side":"BUY","quantity":16}}
{"event_type":"order_sent","timestamp":"2026-05-19T18:14:56.3146357+05:30","order_sent":{"request_id":"5262a0af-2e78-486d-b171-29c312348eaa","order_id":"","type":"MARKET","symbol":"MSFT","side":"SELL","quantity":48}}
{"event_type":"order_sent","timestamp":"2026-05-19T18:14:56.3146357+05:30","order_sent":{"request_id":"cac50502-a64a-4656-b3d1-88ac198451b9","order_id":"","type":"LIMIT","symbol":"TSLA","side":"SELL","price":191.41,"quantity":54}}
{"event_type":"order_sent","timestamp":"2026-05-19T18:14:56.3146357+05:30","order_sent":{"request_id":"1a407fa5-c830-41ac-b714-12e2cfdfd70a","order_id":"","type":"MARKET","symbol":"AMZN","side":"SELL","quantity":20}}
{"event_type":"order_sent","timestamp":"2026-05-19T18:14:56.3146357+05:30","order_sent":{"request_id":"5c964e6e-ff4a-489b-897e-6ebcf8f38eae","order_id":"","type":"LIMIT","symbol":"AAPL","side":"SELL","price":379.42,"quantity":59}}
{"event_type":"order_sent","timestamp":"2026-05-19T18:14:56.3146357+05:30","order_sent":{"request_id":"68d84d7a-a7f3-4d02-a1b2-b90ae6037fd4","order_id":"ord-3558629432029405090","type":"CANCEL","symbol":"","side":""}}
{"event_type":"order_sent","timestamp":"2026-05-19T18:14:56.3146357+05:30","order_sent":{"request_id":"b2b5576d-b0e0-434c-9027-881e242f01d8","order_id":"","type":"MARKET","symbol":"MSFT","side":"SELL","quantity":23}}
{"event_type":"order_sent","timestamp":"2026-05-19T18:14:56.3146357+05:30","order_sent":{"request_id":"ace0dd6d-daff-4d9f-a141-6cec67ffb79e","order_id":"","type":"LIMIT","symbol":"AAPL","side":"SELL","price":774.07,"quantity":75}}
{"event_type":"order_sent","timestamp":"2026-05-19T18:14:56.3146357+05:30","order_sent":{"request_id":"d3f6e955-0406-4884-a7c5-0a41922a050d","order_id":"","type":"MARKET","symbol":"AAPL","side":"BUY","quantity":33}}
{"event_type":"order_sent","timestamp":"2026-05-19T18:14:56.3146357+05:30","order_sent":{"request_id":"403ea48d-38d0-434a-b3a9-2c2946be55ab","order_id":"","type":"LIMIT","symbol":"TSLA","side":"SELL","price":801.98,"quantity":77}}
{"event_type":"order_sent","timestamp":"2026-05-19T18:14:56.3146357+05:30","order_sent":{"request_id":"60b49fe1-4d4c-4da4-9666-644e002b43a5","order_id":"","type":"MARKET","symbol":"AMZN","side":"SELL","quantity":38}}
{"event_type":"order_sent","timestamp":"2026-05-19T18:14:56.3146357+05:30","order_sent":{"request_id":"deb4c38d-9b2e-4b92-9257-969808aa24cc","order_id":"ord-8717659109004165095","type":"CANCEL","symbol":"","side":""}}
{"event_type":"order_sent","timestamp":"2026-05-19T18:14:56.3146357+05:30","order_sent":{"request_id":"7a437cff-bdc5-4dd6-9c90-224d29c00568","order_id":"ord-7284469810686559178","type":"CANCEL","symbol":"","side":""}}
{"event_type":"order_sent","timestamp":"2026-05-19T18:14:56.3152362+05:30","order_sent":{"request_id":"d9efeaef-a967-40c1-8972-646fae9b0bf3","order_id":"","type":"MARKET","symbol":"TSLA","side":"BUY","quantity":40}}
{"event_type":"order_sent","timestamp":"2026-05-19T18:14:56.3152362+05:30","order_sent":{"request_id":"dc64d0db-0050-44b2-901b-29e8896a8425","order_id":"","type":"MARKET","symbol":"AMZN","side":"SELL","quantity":15}}
{"event_type":"order_sent","timestamp":"2026-05-19T18:14:56.314117+05:30","order_sent":{"request_id":"dbe576bb-d0d9-49da-aa07-e89d06351daf","order_id":"","type":"LIMIT","symbol":"AAPL","side":"SELL","price":426.24,"quantity":63}}
{"event_type":"order_sent","timestamp":"2026-05-19T18:14:56.314117+05:30","order_sent":{"request_id":"13a9af12-dfea-4396-93ce-239990eafb0c","order_id":"","type":"LIMIT","symbol":"AMZN","side":"BUY","price":166.78,"quantity":59}}
{"event_type":"order_sent","timestamp":"2026-05-19T18:14:56.3152362+05:30","order_sent":{"request_id":"c23fb700-3993-41dc-a9f2-b1c8b521b526","order_id":"","type":"MARKET","symbol":"GOOG","side":"BUY","quantity":12}}
{"event_type":"order_sent","timestamp":"2026-05-19T18:14:56.3152362+05:30","order_sent":{"request_id":"7037e10e-f41a-4748-9742-05d9a86b3b86","order_id":"","type":"MARKET","symbol":"AAPL","side":"BUY","quantity":17}}
{"event_type":"order_sent","timestamp":"2026-05-19T18:14:56.3152362+05:30","order_sent":{"request_id":"fcc0326c-9aa7-4ac7-a4ee-34bc2ec6bd70","order_id":"","type":"LIMIT","symbol":"GOOG","side":"BUY","price":713.23,"quantity":92}}
{"event_type":"order_sent","timestamp":"2026-05-19T18:14:56.3152362+05:30","order_sent":{"request_id":"8d630dbb-d8f5-4aee-9001-54e61e7f1cdd","order_id":"","type":"MARKET","symbol":"TSLA","side":"BUY","quantity":20}}
{"event_type":"order_sent","timestamp":"2026-05-19T18:14:56.3152362+05:30","order_sent":{"request_id":"62dfcf1a-3e43-4b1d-975a-ae21e43d8804","order_id":"ord-5694097228039217477","type":"CANCEL","symbol":"","side":""}}
{"event_type":"order_sent","timestamp":"2026-05-19T18:14:56.3158093+05:30","order_sent":{"request_id":"356f7925-b385-410f-8fa8-f6a90004bafa","order_id":"","type":"MARKET","symbol":"AMZN","side":"SELL","quantity":39}}
{"event_type":"order_sent","timestamp":"2026-05-19T18:14:56.3158093+05:30","order_sent":{"request_id":"6ef67cb1-d343-4f66-9e19-584814e5a9a3","order_id":"","type":"MARKET","symbol":"MSFT","side":"SELL","quantity":41}}
{"event_type":"order_sent","timestamp":"2026-05-19T18:14:56.3146357+05:30","order_sent":{"request_id":"3186520f-623d-480c-a408-6ff7f44d76a8","order_id":"","type":"MARKET","symbol":"GOOG","side":"SELL","quantity":8}}
{"event_type":"order_sent","timestamp":"2026-05-19T18:14:56.3158093+05:30","order_sent":{"request_id":"9650dede-04c7-4268-a4cd-279fe92c627b","order_id":"","type":"MARKET","symbol":"GOOG","side":"BUY","quantity":47}}
{"event_type":"order_sent","timestamp":"2026-05-19T18:14:56.3158093+05:30","order_sent":{"request_id":"bb1faaeb-9551-4060-9175-ec6980dc00d1","order_id":"ord-9210857239925138181","type":"CANCEL","symbol":"","side":""}}
{"event_type":"order_sent","timestamp":"2026-05-19T18:14:56.3146357+05:30","order_sent":{"request_id":"9e5e5603-48af-4551-819b-c0cef844e0a6","order_id":"","type":"MARKET","symbol":"AMZN","side":"BUY","quantity":39}}
{"event_type":"order_acked","timestamp":"2026-05-19T18:14:56.335349+05:30","order_acked":{"request_id":"d4e073a0-ca7e-408d-b08c-60fa706ad923","status_code":201}}
{"event_type":"order_acked","timestamp":"2026-05-19T18:14:56.3428827+05:30","order_acked":{"request_id":"8df341ae-cdef-48b5-a292-3ff821a971dd","status_code":201}}
{"event_type":"order_acked","timestamp":"2026-05-19T18:14:56.3428827+05:30","order_acked":{"request_id":"7bacae6d-6d27-4bb3-9743-48a34de1eb44","status_code":201}}
{"event_type":"execution_report","timestamp":"2026-05-19T18:14:56.3610956+05:30","execution":{"order_id":"3d96603f-2885-4b65-a039-a66b32d90baa","symbol":"AMZN","side":"SELL","status":"filled","filled_qty":1,"leaves_qty":0,"price":959.45,"timestamp":"2026-05-19T12:44:56Z","match_id":"e1e87287-bdd2-48a3-a2b9-880a7a2ceb58"}}
{"event_type":"execution_report","timestamp":"2026-05-19T18:14:56.3610956+05:30","execution":{"order_id":"e2ec15ab-6e45-4655-9bca-53b48d8cde3d","symbol":"AMZN","side":"SELL","status":"filled","filled_qty":44,"leaves_qty":0,"price":142.67,"timestamp":"2026-05-19T12:44:56Z","match_id":"79d180dd-46b3-48ec-bed8-63a7cea9391a"}}
{"event_type":"order_acked","timestamp":"2026-05-19T18:14:56.3627177+05:30","order_acked":{"request_id":"84a9ef04-9524-4cd7-b30a-4360ddb0680f","status_code":201}}
{"event_type":"order_acked","timestamp":"2026-05-19T18:14:56.3720862+05:30","order_acked":{"request_id":"18ad1e3c-7469-470f-bee5-7fb8b150c3f1","status_code":200}}
{"event_type":"order_acked","timestamp":"2026-05-19T18:14:56.3727125+05:30","order_acked":{"request_id":"6b4b98e2-b2ee-4691-b68c-d4bc2f1e9ed4","status_code":201}}
{"event_type":"order_acked","timestamp":"2026-05-19T18:14:56.3743204+05:30","order_acked":{"request_id":"99d11fec-6d59-4aad-95df-bfb4c01778d4","status_code":200}}
{"event_type":"order_acked","timestamp":"2026-05-19T18:14:56.3796789+05:30","order_acked":{"request_id":"e8b322f0-86a6-4548-82f3-f4706645a30e","status_code":200}}
{"event_type":"order_acked","timestamp":"2026-05-19T18:14:56.3830663+05:30","order_acked":{"request_id":"cae8659f-4da0-48ff-bc28-10f3e0490e6d","status_code":200}}
{"event_type":"order_acked","timestamp":"2026-05-19T18:14:56.3863362+05:30","order_acked":{"request_id":"78439ac8-1a59-46a7-985c-665e405087ff","status_code":201}}
{"event_type":"order_acked","timestamp":"2026-05-19T18:14:56.3879496+05:30","order_acked":{"request_id":"d59aad7c-09c6-4e03-9727-f1ca75a0ff08","status_code":201}}
{"event_type":"execution_report","timestamp":"2026-05-19T18:14:56.3953483+05:30","execution":{"order_id":"67d1fbef-d60e-4af1-bdff-90b5911b6b58","symbol":"MSFT","side":"SELL","status":"filled","filled_qty":87,"leaves_qty":0,"price":781.41,"timestamp":"2026-05-19T12:44:56Z","match_id":"0afd9590-4f10-412e-9454-34cb042b009f"}}
{"event_type":"order_acked","timestamp":"2026-05-19T18:14:56.3953483+05:30","order_acked":{"request_id":"707f67b4-1094-493c-81db-356fbdc33d04","status_code":201}}
{"event_type":"order_acked","timestamp":"2026-05-19T18:14:56.3981322+05:30","order_acked":{"request_id":"041fbe98-ec88-4ced-9859-e0bf1449fb78","status_code":201}}
{"event_type":"order_acked","timestamp":"2026-05-19T18:14:56.4003131+05:30","order_acked":{"request_id":"754c3209-155d-4197-a279-b7a2c3ae9888","status_code":201}}
{"event_type":"order_acked","timestamp":"2026-05-19T18:14:56.4022151+05:30","order_acked":{"request_id":"2a4de65f-3eb8-4410-9355-b3e5edeb7395","status_code":201}}
{"event_type":"execution_report","timestamp":"2026-05-19T18:14:56.4027624+05:30","execution":{"order_id":"1f170cd3-30c2-48bd-934c-25605051afae","symbol":"AMZN","side":"BUY","status":"filled","filled_qty":15,"leaves_qty":0,"price":415.11,"timestamp":"2026-05-19T12:44:56Z","match_id":"377fd6a5-1740-435d-9eb4-de2b781edab5"}}
{"event_type":"order_acked","timestamp":"2026-05-19T18:14:56.403873+05:30","order_acked":{"request_id":"3ccd81bd-2ef7-43c1-93c9-33d4fe231e98","status_code":201}}
{"event_type":"order_acked","timestamp":"2026-05-19T18:14:56.4049463+05:30","order_acked":{"request_id":"15ed8978-f4e5-4548-b069-cfad81e65ec6","status_code":201}}
{"event_type":"execution_report","timestamp":"2026-05-19T18:14:56.4066392+05:30","execution":{"order_id":"fdb6228a-c7cd-4e8d-8756-32c310b64693","symbol":"TSLA","side":"BUY","status":"filled","filled_qty":16,"leaves_qty":0,"price":661.78,"timestamp":"2026-05-19T12:44:56Z","match_id":"4a060f1b-867c-46f4-be1d-cba64c74315f"}}
{"event_type":"execution_report","timestamp":"2026-05-19T18:14:56.4066392+05:30","execution":{"order_id":"2309d1cc-04fa-4f5c-93ce-649e7ab50272","symbol":"MSFT","side":"SELL","status":"filled","filled_qty":65,"leaves_qty":0,"price":305.17,"timestamp":"2026-05-19T12:44:56Z","match_id":"bf44bc56-bc04-4bd5-8863-12f69a4049bb"}}
{"event_type":"order_acked","timestamp":"2026-05-19T18:14:56.4082586+05:30","order_acked":{"request_id":"12032fc2-4f3a-439c-b233-83f9a3a78ac1","status_code":201}}
{"event_type":"execution_report","timestamp":"2026-05-19T18:14:56.4098528+05:30","execution":{"order_id":"a441d172-3ea2-4fd9-b671-0f40e38e9caf","symbol":"TSLA","side":"BUY","status":"filled","filled_qty":69,"leaves_qty":0,"price":421.21,"timestamp":"2026-05-19T12:44:56Z","match_id":"ce42e44e-7a54-48ce-9472-7867ef693d71"}}
{"event_type":"order_acked","timestamp":"2026-05-19T18:14:56.4153723+05:30","order_acked":{"request_id":"926969c1-fe83-4ed7-b898-a4523a0f68e4","status_code":201}}
{"event_type":"order_acked","timestamp":"2026-05-19T18:14:56.4175655+05:30","order_acked":{"request_id":"2825ebbf-1888-4683-8b7e-96c3f716f479","status_code":201}}
{"event_type":"order_acked","timestamp":"2026-05-19T18:14:56.4224589+05:30","order_acked":{"request_id":"1479ffbb-f504-417f-b97f-b5baabdd0777","status_code":201}}
{"event_type":"execution_report","timestamp":"2026-05-19T18:14:56.4240771+05:30","execution":{"order_id":"2c79a3a7-1c27-410e-9c0b-24ed1c2b821d","symbol":"AMZN","side":"SELL","status":"filled","filled_qty":30,"leaves_qty":0,"price":911.31,"timestamp":"2026-05-19T12:44:56Z","match_id":"db25ca89-a213-48d1-8087-b4b3f5581d9a"}}
{"event_type":"order_acked","timestamp":"2026-05-19T18:14:56.4262355+05:30","order_acked":{"request_id":"b9c9859c-86b5-4006-991a-20f7df74317d","status_code":201}}
{"event_type":"order_acked","timestamp":"2026-05-19T18:14:56.4283683+05:30","order_acked":{"request_id":"6b1e2908-3fdc-4774-b7c0-7a969a1fb5bc","status_code":201}}
{"event_type":"order_acked","timestamp":"2026-05-19T18:14:56.4300021+05:30","order_acked":{"request_id":"29b65d0e-1c16-4c6c-b6ff-ddf2705c5d2e","status_code":201}}
{"event_type":"order_acked","timestamp":"2026-05-19T18:14:56.4316218+05:30","order_acked":{"request_id":"37c6599e-2882-4829-b4ac-88c26ce96cef","status_code":201}}
{"event_type":"order_acked","timestamp":"2026-05-19T18:14:56.4326817+05:30","order_acked":{"request_id":"9bb715c0-4706-4183-b239-d4689693f9a2","status_code":201}}
{"event_type":"execution_report","timestamp":"2026-05-19T18:14:56.433251+05:30","execution":{"order_id":"190408ae-1919-4106-99c5-0979ea9ffe67","symbol":"TSLA","side":"SELL","status":"filled","filled_qty":57,"leaves_qty":0,"price":198.36,"timestamp":"2026-05-19T12:44:56Z","match_id":"dd39eda9-518f-4b09-a6b1-134828de32b4"}}
{"event_type":"execution_report","timestamp":"2026-05-19T18:14:56.4343273+05:30","execution":{"order_id":"880d7b71-35ea-4015-98dc-eaf92df2975e","symbol":"AMZN","side":"BUY","status":"filled","filled_qty":31,"leaves_qty":0,"price":400.36,"timestamp":"2026-05-19T12:44:56Z","match_id":"5fb68de8-6211-45d9-9ad6-b168127802d8"}}
{"event_type":"execution_report","timestamp":"2026-05-19T18:14:56.4359418+05:30","execution":{"order_id":"238d1601-7048-4f97-85a3-594b1e267278","symbol":"TSLA","side":"BUY","status":"filled","filled_qty":11,"leaves_qty":0,"price":749.82,"timestamp":"2026-05-19T12:44:56Z","match_id":"30637529-7003-4e08-b79c-d17a160eed67"}}
{"event_type":"execution_report","timestamp":"2026-05-19T18:14:56.4392058+05:30","execution":{"order_id":"16093958-d0b3-40ff-a473-2d5f0945fab7","symbol":"TSLA","side":"BUY","status":"filled","filled_qty":13,"leaves_qty":0,"price":411.48,"timestamp":"2026-05-19T12:44:56Z","match_id":"2340e111-f77c-4695-8d9f-3067c75809f0"}}
{"event_type":"order_acked","timestamp":"2026-05-19T18:14:56.4408108+05:30","order_acked":{"request_id":"d96c129b-0883-4a7a-87f2-afccd5526618","status_code":201}}
{"event_type":"order_acked","timestamp":"2026-05-19T18:14:56.4418868+05:30","order_acked":{"request_id":"faff0c07-0fcd-4971-a344-aac83a7de534","status_code":201}}
{"event_type":"order_acked","timestamp":"2026-05-19T18:14:56.4435637+05:30","order_acked":{"request_id":"61bcb049-541b-4367-a498-d7a216fd935a","status_code":201}}
{"event_type":"order_acked","timestamp":"2026-05-19T18:14:56.4441994+05:30","order_acked":{"request_id":"e2cb107c-70b0-42c2-ba0d-c5d3d01b8c0a","status_code":201}}
{"event_type":"order_acked","timestamp":"2026-05-19T18:14:56.4482501+05:30","order_acked":{"request_id":"48a68be7-cb1c-4e61-b084-99bebe587b42","status_code":201}}
{"event_type":"execution_report","timestamp":"2026-05-19T18:14:56.4493337+05:30","execution":{"order_id":"95ac55e5-c042-4a5c-8ced-799e1d61f6b8","symbol":"AMZN","side":"SELL","status":"filled","filled_qty":45,"leaves_qty":0,"price":900.09,"timestamp":"2026-05-19T12:44:56Z","match_id":"1197411a-17ed-4fc3-b54d-d0a07aac3eef"}}
{"event_type":"execution_report","timestamp":"2026-05-19T18:14:56.4515294+05:30","execution":{"order_id":"c91eb91d-1c27-4ab9-8324-87af731ae85d","symbol":"AMZN","side":"SELL","status":"filled","filled_qty":29,"leaves_qty":0,"price":563.51,"timestamp":"2026-05-19T12:44:56Z","match_id":"d4ec2813-3956-46f5-a900-db4979fbea39"}}
{"event_type":"order_acked","timestamp":"2026-05-19T18:14:56.4561099+05:30","order_acked":{"request_id":"0e6222ab-1fdf-4cba-a8b6-50e94c241559","status_code":201}}
{"event_type":"order_acked","timestamp":"2026-05-19T18:14:56.4572032+05:30","order_acked":{"request_id":"4e0b85c0-1266-40b7-8d86-dabd9c88d010","status_code":201}}
{"event_type":"order_acked","timestamp":"2026-05-19T18:14:56.4594672+05:30","order_acked":{"request_id":"c1527db7-d467-45f0-84e7-e4072bf803c7","status_code":201}}
{"event_type":"execution_report","timestamp":"2026-05-19T18:14:56.4645891+05:30","execution":{"order_id":"b2790769-3118-4e23-b08a-02ab70c3f0bf","symbol":"MSFT","side":"BUY","status":"filled","filled_qty":88,"leaves_qty":0,"price":685.26,"timestamp":"2026-05-19T12:44:56Z","match_id":"d4e99086-969c-486f-a30f-78dfe7c8abcb"}}
{"event_type":"order_acked","timestamp":"2026-05-19T18:14:56.4689431+05:30","order_acked":{"request_id":"959dc460-cbf9-4f8b-8717-28f6db5db3f6","status_code":201}}
{"event_type":"execution_report","timestamp":"2026-05-19T18:14:56.4706585+05:30","execution":{"order_id":"fff58cf1-a2ea-47b3-b00f-4d8ffab85c44","symbol":"AAPL","side":"BUY","status":"filled","filled_qty":73,"leaves_qty":0,"price":662.2,"timestamp":"2026-05-19T12:44:56Z","match_id":"191772c3-cfe6-4002-bf3f-41d34b34bb03"}}
{"event_type":"execution_report","timestamp":"2026-05-19T18:14:56.473002+05:30","execution":{"order_id":"c9dbb65f-11d8-4a80-a556-fea202e8340e","symbol":"MSFT","side":"BUY","status":"filled","filled_qty":59,"leaves_qty":0,"price":273.09,"timestamp":"2026-05-19T12:44:56Z","match_id":"1d990fcc-2f37-413d-ad83-cae91672827f"}}
{"event_type":"order_acked","timestamp":"2026-05-19T18:14:56.4735823+05:30","order_acked":{"request_id":"490a27b1-adea-4ee4-8211-03644fbb6fea","status_code":200}}
{"event_type":"order_acked","timestamp":"2026-05-19T18:14:56.4763881+05:30","order_acked":{"request_id":"f67045cd-7405-4676-95e9-e27904ea1442","status_code":201}}
{"event_type":"order_acked","timestamp":"2026-05-19T18:14:56.4789426+05:30","order_acked":{"request_id":"c0343f92-5ba5-4690-ae1a-2b68bf46180a","status_code":201}}
{"event_type":"order_acked","timestamp":"2026-05-19T18:14:56.4852415+05:30","order_acked":{"request_id":"ad2ae616-39f7-42af-8e9b-5a321cdc4c64","status_code":200}}
{"event_type":"order_acked","timestamp":"2026-05-19T18:14:56.4891086+05:30","order_acked":{"request_id":"760ca0c7-e7b3-4ea7-84b3-ef4a97d349e7","status_code":201}}
{"event_type":"execution_report","timestamp":"2026-05-19T18:14:56.4891086+05:30","execution":{"order_id":"c505914c-e2db-4d2a-bb3f-d74d48cbce0c","symbol":"MSFT","side":"SELL","status":"filled","filled_qty":37,"leaves_qty":0,"price":443.3,"timestamp":"2026-05-19T12:44:56Z","match_id":"4ea57dc2-68b9-4add-ba50-ac8120e364d3"}}
{"event_type":"order_acked","timestamp":"2026-05-19T18:14:56.5028411+05:30","order_acked":{"request_id":"0f456f7d-9376-430c-aa41-98dd03ded899","status_code":201}}
{"event_type":"order_acked","timestamp":"2026-05-19T18:14:56.5040017+05:30","order_acked":{"request_id":"115cdac6-2a50-4c7e-ac15-3416a5f9e950","status_code":201}}
{"event_type":"order_acked","timestamp":"2026-05-19T18:14:56.5050125+05:30","order_acked":{"request_id":"0d45be7b-8255-4568-b951-544f20b751f8","status_code":201}}
{"event_type":"order_acked","timestamp":"2026-05-19T18:14:56.5082792+05:30","order_acked":{"request_id":"cc3f8fa5-5672-442e-b156-21218c406fab","status_code":200}}
{"event_type":"execution_report","timestamp":"2026-05-19T18:14:56.5144232+05:30","execution":{"order_id":"d8d7fd94-3459-4175-acb1-a817025e25d8","symbol":"AMZN","side":"SELL","status":"filled","filled_qty":31,"leaves_qty":0,"price":844.44,"timestamp":"2026-05-19T12:44:56Z","match_id":"62552cb2-5e01-4861-b6e8-917a139b5820"}}
{"event_type":"order_acked","timestamp":"2026-05-19T18:14:56.519714+05:30","order_acked":{"request_id":"29b9683e-6415-4e80-be3c-1082d0efd95e","status_code":201}}
{"event_type":"order_acked","timestamp":"2026-05-19T18:14:56.5202608+05:30","order_acked":{"request_id":"30766f32-e03c-41a7-8a19-7f0e146bbf6a","status_code":201}}
{"event_type":"order_acked","timestamp":"2026-05-19T18:14:56.5213714+05:30","order_acked":{"request_id":"0c95532f-5c79-4183-859b-b5d37d1c7b29","status_code":201}}
{"event_type":"execution_report","timestamp":"2026-05-19T18:14:56.528827+05:30","execution":{"order_id":"775e35c1-e9d9-457f-9ab8-76a98f4f55c0","symbol":"MSFT","side":"SELL","status":"filled","filled_qty":55,"leaves_qty":0,"price":440.33,"timestamp":"2026-05-19T12:44:56Z","match_id":"bf222fa1-4ba1-450a-b102-7e7d89fdc727"}}
{"event_type":"order_acked","timestamp":"2026-05-19T18:14:56.530994+05:30","order_acked":{"request_id":"f39b6185-6874-4746-961e-7bf2ce35f542","status_code":201}}
{"event_type":"order_acked","timestamp":"2026-05-19T18:14:56.5347161+05:30","order_acked":{"request_id":"5066d920-ff5b-4faa-80cf-19d5c5466546","status_code":201}}
{"event_type":"order_acked","timestamp":"2026-05-19T18:14:56.5358578+05:30","order_acked":{"request_id":"28a2114a-2909-4385-a63c-2cfe3d55d1c0","status_code":201}}
{"event_type":"order_acked","timestamp":"2026-05-19T18:14:56.5381411+05:30","order_acked":{"request_id":"b0c41598-8df0-4659-a0fb-8c1fe2f3d0e6","status_code":201}}
{"event_type":"order_acked","timestamp":"2026-05-19T18:14:56.5387056+05:30","order_acked":{"request_id":"a5fdfe63-2d06-4cc8-9030-82a4c43851cd","status_code":201}}
{"event_type":"execution_report","timestamp":"2026-05-19T18:14:56.5392353+05:30","execution":{"order_id":"d6a4dd37-171e-4a73-8e75-3f5ed0b3b10d","symbol":"AMZN","side":"BUY","status":"filled","filled_qty":15,"leaves_qty":0,"price":225.53,"timestamp":"2026-05-19T12:44:56Z","match_id":"f0da8ef5-d2e7-4436-8c36-655be8f5e681"}}
{"event_type":"execution_report","timestamp":"2026-05-19T18:14:56.5397666+05:30","execution":{"order_id":"6275ebb6-d877-46de-b234-a72fffbe81c9","symbol":"AAPL","side":"BUY","status":"filled","filled_qty":49,"leaves_qty":0,"price":879.02,"timestamp":"2026-05-19T12:44:56Z","match_id":"ca1981d8-0d15-4ba5-9671-740c58d0d099"}}
{"event_type":"order_acked","timestamp":"2026-05-19T18:14:56.5419696+05:30","order_acked":{"request_id":"9f11938c-6b5c-41c1-a7df-b401d250e546","status_code":201}}
{"event_type":"execution_report","timestamp":"2026-05-19T18:14:56.542513+05:30","execution":{"order_id":"62a648ce-e2c3-415d-a096-d65dd7038a7a","symbol":"MSFT","side":"BUY","status":"filled","filled_qty":64,"leaves_qty":0,"price":238.34,"timestamp":"2026-05-19T12:44:56Z","match_id":"fb8bc69c-da0d-45d8-8b5f-b81e777005fb"}}
{"event_type":"order_acked","timestamp":"2026-05-19T18:14:56.545536+05:30","order_acked":{"request_id":"88604b16-2d1a-42bd-82ba-8d53b91e9009","status_code":200}}
{"event_type":"execution_report","timestamp":"2026-05-19T18:14:56.5487328+05:30","execution":{"order_id":"3f3bde2f-31e1-4074-9d59-2c7df2c2f036","symbol":"AMZN","side":"BUY","status":"filled","filled_qty":81,"leaves_qty":0,"price":806.7,"timestamp":"2026-05-19T12:44:56Z","match_id":"b7def92a-e0f5-463d-a374-fa1d6e553f1e"}}
{"event_type":"order_acked","timestamp":"2026-05-19T18:14:56.5576864+05:30","order_acked":{"request_id":"1d4f50b4-bac4-417b-b401-d87747b95652","status_code":201}}
{"event_type":"order_acked","timestamp":"2026-05-19T18:14:56.5599012+05:30","order_acked":{"request_id":"127aef71-4ca1-480b-919d-6bd50f10cfa4","status_code":201}}
{"event_type":"order_acked","timestamp":"2026-05-19T18:14:56.5618455+05:30","order_acked":{"request_id":"54afcb4f-49e2-46e7-8d20-ec6a0c68251b","status_code":200}}
{"event_type":"order_acked","timestamp":"2026-05-19T18:14:56.5642458+05:30","order_acked":{"request_id":"244d26dc-e5eb-494a-991c-8f3d8883190a","status_code":201}}
{"event_type":"order_acked","timestamp":"2026-05-19T18:14:56.5666309+05:30","order_acked":{"request_id":"0b40a64d-7f96-4951-8fbf-6a019352b340","status_code":201}}
{"event_type":"execution_report","timestamp":"2026-05-19T18:14:56.5716004+05:30","execution":{"order_id":"11bddb8f-a2f7-48fc-805e-204364793e0f","symbol":"TSLA","side":"BUY","status":"filled","filled_qty":5,"leaves_qty":0,"price":715.44,"timestamp":"2026-05-19T12:44:56Z","match_id":"bdec2b81-c9bf-49f2-a60f-b21eb747190c"}}
{"event_type":"order_acked","timestamp":"2026-05-19T18:14:56.5743084+05:30","order_acked":{"request_id":"c1fc4527-a5e7-4513-9101-682692bf002c","status_code":201}}
{"event_type":"order_acked","timestamp":"2026-05-19T18:14:56.5802852+05:30","order_acked":{"request_id":"06a6d0fc-3a02-45b6-bc7b-ac59cc3263cb","status_code":201}}
{"event_type":"execution_report","timestamp":"2026-05-19T18:14:56.5830303+05:30","execution":{"order_id":"5edf301f-9f53-472b-9cae-2c050bc558fc","symbol":"AMZN","side":"SELL","status":"filled","filled_qty":100,"leaves_qty":0,"price":201.8,"timestamp":"2026-05-19T12:44:56Z","match_id":"803be3b1-a5bf-4cc9-a712-0478c17cf653"}}
{"event_type":"order_acked","timestamp":"2026-05-19T18:14:56.5852407+05:30","order_acked":{"request_id":"44a9811d-0bb2-4345-956e-edf18c0cc7e8","status_code":201}}
{"event_type":"order_acked","timestamp":"2026-05-19T18:14:56.5863243+05:30","order_acked":{"request_id":"15ad4888-c574-4fee-bc70-fe83833f3dff","status_code":201}}
{"event_type":"execution_report","timestamp":"2026-05-19T18:14:56.5868787+05:30","execution":{"order_id":"24d557c7-8cb2-4cdf-a57e-e6e68e46fa2d","symbol":"MSFT","side":"SELL","status":"filled","filled_qty":4,"leaves_qty":0,"price":624.63,"timestamp":"2026-05-19T12:44:56Z","match_id":"78ee0ba1-ba11-4d0a-878e-cef63201403a"}}
{"event_type":"order_acked","timestamp":"2026-05-19T18:14:56.5886955+05:30","order_acked":{"request_id":"592144ef-b6f1-47f4-906b-0f9e1b3be2f5","status_code":201}}
{"event_type":"execution_report","timestamp":"2026-05-19T18:14:56.5919267+05:30","execution":{"order_id":"c8f93961-b268-4056-883f-becf1146f746","symbol":"MSFT","side":"BUY","status":"filled","filled_qty":17,"leaves_qty":0,"price":803.47,"timestamp":"2026-05-19T12:44:56Z","match_id":"3ab9d260-6907-4716-a65e-e5f35cbcbb9f"}}
{"event_type":"execution_report","timestamp":"2026-05-19T18:14:56.5924763+05:30","execution":{"order_id":"f6ddb72b-9d7e-4993-9db3-3f2eeb4a58d4","symbol":"MSFT","side":"SELL","status":"filled","filled_qty":81,"leaves_qty":0,"price":828.39,"timestamp":"2026-05-19T12:44:56Z","match_id":"4157e3bf-5dde-465c-86de-164e894313d8"}}
{"event_type":"execution_report","timestamp":"2026-05-19T18:14:56.5935461+05:30","execution":{"order_id":"c453ed22-197a-4815-ba86-909b2df0b2e0","symbol":"TSLA","side":"BUY","status":"filled","filled_qty":81,"leaves_qty":0,"price":952.08,"timestamp":"2026-05-19T12:44:56Z","match_id":"f623bcaf-5dee-40a8-af77-b01eba363137"}}
{"event_type":"order_acked","timestamp":"2026-05-19T18:14:56.5963672+05:30","order_acked":{"request_id":"8867417e-30d8-428c-b036-682f698f5afb","status_code":200}}
{"event_type":"order_acked","timestamp":"2026-05-19T18:14:56.598622+05:30","order_acked":{"request_id":"99cd5d5d-57fc-4d85-867b-bf12dd29c292","status_code":201}}
{"event_type":"order_acked","timestamp":"2026-05-19T18:14:56.6002418+05:30","order_acked":{"request_id":"b2b5576d-b0e0-434c-9027-881e242f01d8","status_code":201}}
{"event_type":"order_acked","timestamp":"2026-05-19T18:14:56.6024211+05:30","order_acked":{"request_id":"14cdb9fe-9b4e-4ce8-a44c-b51203012283","status_code":201}}
{"event_type":"order_acked","timestamp":"2026-05-19T18:14:56.6045865+05:30","order_acked":{"request_id":"5c964e6e-ff4a-489b-897e-6ebcf8f38eae","status_code":201}}
{"event_type":"order_acked","timestamp":"2026-05-19T18:14:56.6062073+05:30","order_acked":{"request_id":"68d84d7a-a7f3-4d02-a1b2-b90ae6037fd4","status_code":200}}
{"event_type":"order_acked","timestamp":"2026-05-19T18:14:56.6078463+05:30","order_acked":{"request_id":"403ea48d-38d0-434a-b3a9-2c2946be55ab","status_code":201}}
{"event_type":"execution_report","timestamp":"2026-05-19T18:14:56.6094744+05:30","execution":{"order_id":"f639a8d9-da67-4194-8a2f-700989ab350b","symbol":"AAPL","side":"SELL","status":"filled","filled_qty":59,"leaves_qty":0,"price":379.42,"timestamp":"2026-05-19T12:44:56Z","match_id":"36bc672b-df01-4cc5-abd4-016c916e308a"}}
{"event_type":"execution_report","timestamp":"2026-05-19T18:14:56.6105447+05:30","execution":{"order_id":"fdc2ac25-217e-4965-b1d4-0ef52ad288f4","symbol":"AAPL","side":"BUY","status":"filled","filled_qty":1,"leaves_qty":0,"price":515.14,"timestamp":"2026-05-19T12:44:56Z","match_id":"aa350a01-7a74-4cc8-9959-81e9a5de6778"}}
{"event_type":"order_acked","timestamp":"2026-05-19T18:14:56.612195+05:30","order_acked":{"request_id":"60b49fe1-4d4c-4da4-9666-644e002b43a5","status_code":201}}
{"event_type":"order_acked","timestamp":"2026-05-19T18:14:56.6155205+05:30","order_acked":{"request_id":"5262a0af-2e78-486d-b171-29c312348eaa","status_code":201}}
{"event_type":"execution_report","timestamp":"2026-05-19T18:14:56.616592+05:30","execution":{"order_id":"d616c8ec-450c-44a3-99c9-7bf5fd5ad285","symbol":"TSLA","side":"SELL","status":"filled","filled_qty":77,"leaves_qty":0,"price":801.98,"timestamp":"2026-05-19T12:44:56Z","match_id":"ef24c75b-a323-41f5-b059-2e39c31feb05"}}
{"event_type":"order_acked","timestamp":"2026-05-19T18:14:56.6182744+05:30","order_acked":{"request_id":"d3f6e955-0406-4884-a7c5-0a41922a050d","status_code":201}}
{"event_type":"order_acked","timestamp":"2026-05-19T18:14:56.619366+05:30","order_acked":{"request_id":"dbe576bb-d0d9-49da-aa07-e89d06351daf","status_code":201}}
{"event_type":"execution_report","timestamp":"2026-05-19T18:14:56.6247244+05:30","execution":{"order_id":"63bf4df1-2305-45f2-a0fb-f3d5f1d892c3","symbol":"AAPL","side":"SELL","status":"filled","filled_qty":63,"leaves_qty":0,"price":426.24,"timestamp":"2026-05-19T12:44:56Z","match_id":"3d60fc9f-4dec-4307-a3e8-07488a8a14c0"}}
{"event_type":"order_acked","timestamp":"2026-05-19T18:14:56.6274956+05:30","order_acked":{"request_id":"fb492740-3e31-4f58-b51e-7cc0e4f822ec","status_code":201}}
{"event_type":"order_acked","timestamp":"2026-05-19T18:14:56.6297634+05:30","order_acked":{"request_id":"cf957b2c-1163-4cae-b667-11262738abda","status_code":200}}
{"event_type":"order_acked","timestamp":"2026-05-19T18:14:56.6297634+05:30","order_acked":{"request_id":"cac50502-a64a-4656-b3d1-88ac198451b9","status_code":201}}
{"event_type":"order_acked","timestamp":"2026-05-19T18:14:56.6313725+05:30","order_acked":{"request_id":"9700b652-02e8-4b10-8429-a4970c386d65","status_code":201}}
{"event_type":"order_acked","timestamp":"2026-05-19T18:14:56.6325259+05:30","order_acked":{"request_id":"1a407fa5-c830-41ac-b714-12e2cfdfd70a","status_code":201}}
{"event_type":"execution_report","timestamp":"2026-05-19T18:14:56.6330513+05:30","execution":{"order_id":"d2791d1e-2d91-40cf-928c-db920a9bf680","symbol":"AAPL","side":"SELL","status":"filled","filled_qty":8,"leaves_qty":0,"price":360.78,"timestamp":"2026-05-19T12:44:56Z","match_id":"684f9512-8e40-4570-b252-73133315d3a1"}}
{"event_type":"execution_report","timestamp":"2026-05-19T18:14:56.6341455+05:30","execution":{"order_id":"8fbb4a55-4543-4e09-b824-e5b5a2b7fee0","symbol":"TSLA","side":"SELL","status":"filled","filled_qty":54,"leaves_qty":0,"price":191.41,"timestamp":"2026-05-19T12:44:56Z","match_id":"36835a58-fd32-427a-aa72-079bd09f09f3"}}
{"event_type":"order_acked","timestamp":"2026-05-19T18:14:56.6384546+05:30","order_acked":{"request_id":"7a437cff-bdc5-4dd6-9c90-224d29c00568","status_code":200}}
{"event_type":"order_acked","timestamp":"2026-05-19T18:14:56.6417446+05:30","order_acked":{"request_id":"8b9a65b9-4b8c-4411-aa84-cfc913c9139f","status_code":201}}
{"event_type":"order_acked","timestamp":"2026-05-19T18:14:56.6428449+05:30","order_acked":{"request_id":"c8468a9e-226e-4fa5-a9b7-7d256f89794d","status_code":201}}
{"event_type":"order_acked","timestamp":"2026-05-19T18:14:56.6463046+05:30","order_acked":{"request_id":"d9efeaef-a967-40c1-8972-646fae9b0bf3","status_code":201}}
{"event_type":"order_acked","timestamp":"2026-05-19T18:14:56.6506492+05:30","order_acked":{"request_id":"deb4c38d-9b2e-4b92-9257-969808aa24cc","status_code":200}}
{"event_type":"execution_report","timestamp":"2026-05-19T18:14:56.6518145+05:30","execution":{"order_id":"c52b1cfd-ff16-4c21-ad8e-dfd26e3743ff","symbol":"GOOG","side":"SELL","status":"filled","filled_qty":50,"leaves_qty":0,"price":331.68,"timestamp":"2026-05-19T12:44:56Z","match_id":"d44bd7dc-486b-4ab5-aa54-d0bbbd727515"}}
{"event_type":"execution_report","timestamp":"2026-05-19T18:14:56.6528748+05:30","execution":{"order_id":"c907f59b-f9ab-4357-ab7f-7297a0f00595","symbol":"AAPL","side":"SELL","status":"filled","filled_qty":35,"leaves_qty":0,"price":684.36,"timestamp":"2026-05-19T12:44:56Z","match_id":"9e05f517-01ff-4693-91ea-d7542586dc40"}}
{"event_type":"order_acked","timestamp":"2026-05-19T18:14:56.6549798+05:30","order_acked":{"request_id":"5cf0f405-b66b-4098-8474-17d6d9c36683","status_code":201}}
{"event_type":"order_acked","timestamp":"2026-05-19T18:14:56.6571089+05:30","order_acked":{"request_id":"9e5e5603-48af-4551-819b-c0cef844e0a6","status_code":201}}
{"event_type":"order_acked","timestamp":"2026-05-19T18:14:56.6598258+05:30","order_acked":{"request_id":"9650dede-04c7-4268-a4cd-279fe92c627b","status_code":201}}
{"event_type":"order_acked","timestamp":"2026-05-19T18:14:56.660365+05:30","order_acked":{"request_id":"ace0dd6d-daff-4d9f-a141-6cec67ffb79e","status_code":201}}
{"event_type":"order_acked","timestamp":"2026-05-19T18:14:56.663742+05:30","order_acked":{"request_id":"62dfcf1a-3e43-4b1d-975a-ae21e43d8804","status_code":200}}
{"event_type":"execution_report","timestamp":"2026-05-19T18:14:56.6676091+05:30","execution":{"order_id":"c8a1e335-ece5-4409-9e09-6a3c489d4f00","symbol":"AAPL","side":"SELL","status":"filled","filled_qty":75,"leaves_qty":0,"price":774.07,"timestamp":"2026-05-19T12:44:56Z","match_id":"18712416-3b24-4d37-aa3e-d920ec26fad4"}}
{"event_type":"order_acked","timestamp":"2026-05-19T18:14:56.6723923+05:30","order_acked":{"request_id":"c23fb700-3993-41dc-a9f2-b1c8b521b526","status_code":201}}
{"event_type":"order_acked","timestamp":"2026-05-19T18:14:56.6734993+05:30","order_acked":{"request_id":"dc64d0db-0050-44b2-901b-29e8896a8425","status_code":201}}
{"event_type":"order_acked","timestamp":"2026-05-19T18:14:56.6761601+05:30","order_acked":{"request_id":"7037e10e-f41a-4748-9742-05d9a86b3b86","status_code":201}}
{"event_type":"order_acked","timestamp":"2026-05-19T18:14:56.679448+05:30","order_acked":{"request_id":"3186520f-623d-480c-a408-6ff7f44d76a8","status_code":201}}
{"event_type":"order_acked","timestamp":"2026-05-19T18:14:56.6815901+05:30","order_acked":{"request_id":"356f7925-b385-410f-8fa8-f6a90004bafa","status_code":201}}
{"event_type":"order_acked","timestamp":"2026-05-19T18:14:56.6842629+05:30","order_acked":{"request_id":"bb1faaeb-9551-4060-9175-ec6980dc00d1","status_code":200}}
{"event_type":"order_acked","timestamp":"2026-05-19T18:14:56.6869984+05:30","order_acked":{"request_id":"6ef67cb1-d343-4f66-9e19-584814e5a9a3","status_code":201}}
{"event_type":"order_acked","timestamp":"2026-05-19T18:14:56.6891919+05:30","order_acked":{"request_id":"13a9af12-dfea-4396-93ce-239990eafb0c","status_code":201}}
{"event_type":"order_acked","timestamp":"2026-05-19T18:14:56.6919588+05:30","order_acked":{"request_id":"8d630dbb-d8f5-4aee-9001-54e61e7f1cdd","status_code":201}}
{"event_type":"execution_report","timestamp":"2026-05-19T18:14:56.6936+05:30","execution":{"order_id":"004e13b2-d7db-478e-8781-6df2f470c1a8","symbol":"AMZN","side":"BUY","status":"filled","filled_qty":59,"leaves_qty":0,"price":166.78,"timestamp":"2026-05-19T12:44:56Z","match_id":"7d5d948d-e173-4331-8ea5-7ab276d7a3fa"}}
{"event_type":"order_acked","timestamp":"2026-05-19T18:14:56.6981401+05:30","order_acked":{"request_id":"fcc0326c-9aa7-4ac7-a4ee-34bc2ec6bd70","status_code":201}}
{"event_type":"execution_report","timestamp":"2026-05-19T18:14:56.7075543+05:30","execution":{"order_id":"a0cf0263-2233-435c-b724-d6be63064f8e","symbol":"GOOG","side":"BUY","status":"filled","filled_qty":92,"leaves_qty":0,"price":713.23,"timestamp":"2026-05-19T12:44:56Z","match_id":"82433c9e-ed6e-4bf8-b037-a1dbf507cd24"}}
{"event_type":"order_sent","timestamp":"2026-05-19T18:14:58.314214+05:30","order_sent":{"request_id":"6acbae9c-a538-443d-b6d7-0c1237943f6e","order_id":"","type":"MARKET","symbol":"AMZN","side":"SELL","quantity":33}}
{"event_type":"order_sent","timestamp":"2026-05-19T18:14:58.314214+05:30","order_sent":{"request_id":"4573e3c0-0ba9-42c5-9191-9a4dd1e8f6f9","order_id":"","type":"LIMIT","symbol":"AAPL","side":"SELL","price":376.57,"quantity":25}}
{"event_type":"order_sent","timestamp":"2026-05-19T18:14:58.314214+05:30","order_sent":{"request_id":"16c9dc49-c916-4a5a-b08b-992f8fb6d3e6","order_id":"","type":"MARKET","symbol":"GOOG","side":"BUY","quantity":14}}
{"event_type":"order_sent","timestamp":"2026-05-19T18:14:58.314214+05:30","order_sent":{"request_id":"6c8701f2-1096-42ae-be01-2813b0ad02da","order_id":"","type":"LIMIT","symbol":"MSFT","side":"SELL","price":480.33,"quantity":17}}
{"event_type":"order_sent","timestamp":"2026-05-19T18:14:58.314214+05:30","order_sent":{"request_id":"29945d00-6c3e-40d2-91a6-fec405e4c9a5","order_id":"","type":"LIMIT","symbol":"MSFT","side":"BUY","price":522.29,"quantity":19}}
{"event_type":"order_sent","timestamp":"2026-05-19T18:14:58.314214+05:30","order_sent":{"request_id":"c95850ef-e80f-424c-bef3-b3606a8d49dd","order_id":"","type":"LIMIT","symbol":"GOOG","side":"SELL","price":713.26,"quantity":82}}
{"event_type":"order_sent","timestamp":"2026-05-19T18:14:58.314214+05:30","order_sent":{"request_id":"9fc9e8c9-6934-4538-aeba-57587f5c68e2","order_id":"","type":"LIMIT","symbol":"AMZN","side":"BUY","price":250.72,"quantity":92}}
{"event_type":"order_sent","timestamp":"2026-05-19T18:14:58.314214+05:30","order_sent":{"request_id":"42856cb6-d22e-4056-8cec-550fdc1841f7","order_id":"","type":"MARKET","symbol":"AMZN","side":"BUY","quantity":27}}
{"event_type":"order_sent","timestamp":"2026-05-19T18:14:58.314214+05:30","order_sent":{"request_id":"24ae1704-c540-4498-a70a-d4c9b49e0806","order_id":"ord-101107825945773299","type":"CANCEL","symbol":"","side":""}}
{"event_type":"order_sent","timestamp":"2026-05-19T18:14:58.314214+05:30","order_sent":{"request_id":"0c103aba-e91c-418e-bf19-c04645148cc9","order_id":"","type":"MARKET","symbol":"GOOG","side":"SELL","quantity":34}}
{"event_type":"order_sent","timestamp":"2026-05-19T18:14:58.314214+05:30","order_sent":{"request_id":"e30f5e49-cbc0-4882-b99b-3186ddb10ac4","order_id":"ord-2675394315937877925","type":"CANCEL","symbol":"","side":""}}
{"event_type":"order_sent","timestamp":"2026-05-19T18:14:58.314214+05:30","order_sent":{"request_id":"5ed53413-f067-4e30-93a6-9851268527f2","order_id":"","type":"LIMIT","symbol":"AMZN","side":"SELL","price":346.18,"quantity":83}}
{"event_type":"order_sent","timestamp":"2026-05-19T18:14:58.314214+05:30","order_sent":{"request_id":"63b657d3-6b71-4520-8a5a-15cb8a723a5c","order_id":"","type":"LIMIT","symbol":"AMZN","side":"BUY","price":322.85,"quantity":20}}
{"event_type":"order_sent","timestamp":"2026-05-19T18:14:58.314214+05:30","order_sent":{"request_id":"70b7cfa4-45b8-4963-bfb2-d40a53a2fdee","order_id":"ord-4148159679746074349","type":"CANCEL","symbol":"","side":""}}
{"event_type":"order_sent","timestamp":"2026-05-19T18:14:58.314214+05:30","order_sent":{"request_id":"771c116d-56e8-4c4a-bd03-447c5031a481","order_id":"","type":"LIMIT","symbol":"AMZN","side":"SELL","price":789.36,"quantity":72}}
{"event_type":"order_sent","timestamp":"2026-05-19T18:14:58.314214+05:30","order_sent":{"request_id":"6b8e8620-ec6b-417e-a008-9490a0992de2","order_id":"ord-6469323030302771632","type":"CANCEL","symbol":"","side":""}}
{"event_type":"order_sent","timestamp":"2026-05-19T18:14:58.314214+05:30","order_sent":{"request_id":"17f3c309-d1c3-486e-afd5-7e02a2ca29c7","order_id":"","type":"LIMIT","symbol":"AAPL","side":"SELL","price":414.43,"quantity":45}}
{"event_type":"order_sent","timestamp":"2026-05-19T18:14:58.314214+05:30","order_sent":{"request_id":"e97a3d27-f3b1-451d-ac04-306356a8c1eb","order_id":"","type":"LIMIT","symbol":"AMZN","side":"BUY","price":878.01,"quantity":100}}
{"event_type":"order_sent","timestamp":"2026-05-19T18:14:58.314214+05:30","order_sent":{"request_id":"b40dcf8b-a996-404e-adf9-1996350f59cf","order_id":"ord-5857788338813013035","type":"CANCEL","symbol":"","side":""}}
{"event_type":"order_sent","timestamp":"2026-05-19T18:14:58.314214+05:30","order_sent":{"request_id":"44dfe6d5-aff5-4d1c-b762-d3bbc2693f1f","order_id":"","type":"MARKET","symbol":"GOOG","side":"BUY","quantity":1}}
{"event_type":"order_sent","timestamp":"2026-05-19T18:14:58.314214+05:30","order_sent":{"request_id":"40bb7816-f619-4c90-aa89-7186e823f16c","order_id":"","type":"MARKET","symbol":"GOOG","side":"SELL","quantity":17}}
{"event_type":"order_sent","timestamp":"2026-05-19T18:14:58.314214+05:30","order_sent":{"request_id":"73c8d1b2-ed72-43ff-992f-b64d81f23219","order_id":"","type":"LIMIT","symbol":"TSLA","side":"SELL","price":386.44,"quantity":92}}
{"event_type":"order_sent","timestamp":"2026-05-19T18:14:58.314214+05:30","order_sent":{"request_id":"aca3c802-2055-4a74-9603-c9ea280968d7","order_id":"","type":"LIMIT","symbol":"TSLA","side":"SELL","price":282.43,"quantity":71}}
{"event_type":"order_sent","timestamp":"2026-05-19T18:14:58.314214+05:30","order_sent":{"request_id":"b5f8a524-39d8-4cd9-83b1-a9ee02f2ad1a","order_id":"","type":"MARKET","symbol":"MSFT","side":"SELL","quantity":33}}
{"event_type":"order_sent","timestamp":"2026-05-19T18:14:58.314214+05:30","order_sent":{"request_id":"75a64df7-e602-44bd-a972-2d9f94edbea7","order_id":"","type":"MARKET","symbol":"AMZN","side":"SELL","quantity":11}}
{"event_type":"order_sent","timestamp":"2026-05-19T18:14:58.314214+05:30","order_sent":{"request_id":"e5ec00e3-9fc5-4797-820a-8c4526ec6883","order_id":"ord-5138124787491887025","type":"CANCEL","symbol":"","side":""}}
{"event_type":"order_sent","timestamp":"2026-05-19T18:14:58.314214+05:30","order_sent":{"request_id":"3ce98892-54b0-4cd6-95a9-ee3f52a1c326","order_id":"","type":"MARKET","symbol":"AMZN","side":"SELL","quantity":37}}
{"event_type":"order_sent","timestamp":"2026-05-19T18:14:58.314214+05:30","order_sent":{"request_id":"9a1be1c6-7be9-4d01-982b-f6d66b532c71","order_id":"ord-8264807957924849524","type":"CANCEL","symbol":"","side":""}}
{"event_type":"order_sent","timestamp":"2026-05-19T18:14:58.314214+05:30","order_sent":{"request_id":"787c2657-26b6-436d-92b5-22b04292b7c3","order_id":"","type":"LIMIT","symbol":"AAPL","side":"SELL","price":588.92,"quantity":20}}
{"event_type":"order_sent","timestamp":"2026-05-19T18:14:58.314214+05:30","order_sent":{"request_id":"a2d523ef-cc0a-4999-bbfb-28088d5c17b6","order_id":"ord-6297462949520811309","type":"CANCEL","symbol":"","side":""}}
{"event_type":"order_sent","timestamp":"2026-05-19T18:14:58.314214+05:30","order_sent":{"request_id":"ebba0502-973d-4bfc-8572-e1acc3ea9c9a","order_id":"","type":"LIMIT","symbol":"AAPL","side":"SELL","price":747.42,"quantity":30}}
{"event_type":"order_sent","timestamp":"2026-05-19T18:14:58.314214+05:30","order_sent":{"request_id":"338340e0-8042-46ad-875f-0083f2560360","order_id":"","type":"MARKET","symbol":"TSLA","side":"BUY","quantity":7}}
{"event_type":"order_sent","timestamp":"2026-05-19T18:14:58.314214+05:30","order_sent":{"request_id":"2dd0f8e1-b171-406e-ac3a-b063f89f51d2","order_id":"","type":"LIMIT","symbol":"AMZN","side":"SELL","price":629.53,"quantity":48}}
{"event_type":"order_sent","timestamp":"2026-05-19T18:14:58.314214+05:30","order_sent":{"request_id":"d5c44214-df04-4ea2-a669-535a29a4c621","order_id":"","type":"LIMIT","symbol":"AMZN","side":"SELL","price":945.87,"quantity":64}}
{"event_type":"order_sent","timestamp":"2026-05-19T18:14:58.314214+05:30","order_sent":{"request_id":"2b2e97cf-5c07-4435-92e9-b46d2a774dd3","order_id":"","type":"MARKET","symbol":"GOOG","side":"BUY","quantity":37}}
{"event_type":"order_sent","timestamp":"2026-05-19T18:14:58.314214+05:30","order_sent":{"request_id":"3dbd4b80-f950-4f2f-b024-44847447536e","order_id":"","type":"LIMIT","symbol":"TSLA","side":"BUY","price":797.97,"quantity":26}}
{"event_type":"order_sent","timestamp":"2026-05-19T18:14:58.314214+05:30","order_sent":{"request_id":"cb4fc4af-4896-445d-aa69-6a6ccde939ec","order_id":"ord-8235265499182233427","type":"CANCEL","symbol":"","side":""}}
{"event_type":"order_sent","timestamp":"2026-05-19T18:14:58.314214+05:30","order_sent":{"request_id":"5da13278-d7eb-4eaf-916f-fbc4d5cb7194","order_id":"ord-2374851056453886261","type":"CANCEL","symbol":"","side":""}}
{"event_type":"order_sent","timestamp":"2026-05-19T18:14:58.314214+05:30","order_sent":{"request_id":"5191f355-1e1b-434a-b0ed-4deae1bc5399","order_id":"","type":"LIMIT","symbol":"AMZN","side":"SELL","price":565.88,"quantity":51}}
{"event_type":"order_sent","timestamp":"2026-05-19T18:14:58.314214+05:30","order_sent":{"request_id":"6ad00e53-ae65-4b2b-9a68-ce9bacc8987a","order_id":"","type":"LIMIT","symbol":"TSLA","side":"BUY","price":381.45,"quantity":51}}
{"event_type":"order_sent","timestamp":"2026-05-19T18:14:58.314214+05:30","order_sent":{"request_id":"9d9bd12e-930a-431f-949e-b8f9f0775185","order_id":"","type":"MARKET","symbol":"MSFT","side":"BUY","quantity":43}}
{"event_type":"order_sent","timestamp":"2026-05-19T18:14:58.314214+05:30","order_sent":{"request_id":"4420ae29-b008-4e98-a614-ef0fc5fefe5f","order_id":"","type":"LIMIT","symbol":"AMZN","side":"BUY","price":772.37,"quantity":29}}
{"event_type":"order_sent","timestamp":"2026-05-19T18:14:58.314214+05:30","order_sent":{"request_id":"7193b1b1-c1a2-49f1-bc2f-e57a06b47633","order_id":"","type":"LIMIT","symbol":"AMZN","side":"BUY","price":117.47,"quantity":29}}
{"event_type":"order_sent","timestamp":"2026-05-19T18:14:58.314214+05:30","order_sent":{"request_id":"5311ae96-10e4-4003-8183-0293d81e4a58","order_id":"","type":"MARKET","symbol":"TSLA","side":"SELL","quantity":9}}
{"event_type":"order_sent","timestamp":"2026-05-19T18:14:58.314214+05:30","order_sent":{"request_id":"4a1f8e5c-8c75-49af-8f2d-3b07120eadf6","order_id":"","type":"LIMIT","symbol":"AAPL","side":"BUY","price":928.77,"quantity":34}}
{"event_type":"order_sent","timestamp":"2026-05-19T18:14:58.314214+05:30","order_sent":{"request_id":"14bb9181-820e-4e58-9075-51760058e2f5","order_id":"","type":"LIMIT","symbol":"MSFT","side":"BUY","price":521.96,"quantity":32}}
{"event_type":"order_sent","timestamp":"2026-05-19T18:14:58.314214+05:30","order_sent":{"request_id":"1a9b2f62-819c-4293-997b-cb6f1b6ff98b","order_id":"","type":"MARKET","symbol":"MSFT","side":"BUY","quantity":25}}
{"event_type":"order_sent","timestamp":"2026-05-19T18:14:58.314214+05:30","order_sent":{"request_id":"d9216b84-569f-4af7-9077-a8922d65f2dc","order_id":"","type":"MARKET","symbol":"AMZN","side":"SELL","quantity":37}}
{"event_type":"order_sent","timestamp":"2026-05-19T18:14:58.314214+05:30","order_sent":{"request_id":"da2bdb78-6d20-4592-ad85-7f0095a50322","order_id":"","type":"LIMIT","symbol":"GOOG","side":"BUY","price":498.04,"quantity":41}}
{"event_type":"order_sent","timestamp":"2026-05-19T18:14:58.314214+05:30","order_sent":{"request_id":"a710ffe9-19eb-4642-aeef-82ef742cad2b","order_id":"","type":"MARKET","symbol":"AAPL","side":"SELL","quantity":1}}
{"event_type":"order_sent","timestamp":"2026-05-19T18:14:58.314214+05:30","order_sent":{"request_id":"cff2ed58-6704-4cc7-a284-33b3db8cbd04","order_id":"","type":"MARKET","symbol":"AMZN","side":"SELL","quantity":27}}
{"event_type":"order_sent","timestamp":"2026-05-19T18:14:58.314214+05:30","order_sent":{"request_id":"0b0482f8-0cb8-44b8-a66d-b870488e0007","order_id":"","type":"LIMIT","symbol":"AMZN","side":"BUY","price":777.61,"quantity":2}}
{"event_type":"order_sent","timestamp":"2026-05-19T18:14:58.314214+05:30","order_sent":{"request_id":"9ff85369-f619-47eb-85c8-4ba7b766f675","order_id":"ord-11908736629515354","type":"CANCEL","symbol":"","side":""}}
{"event_type":"order_sent","timestamp":"2026-05-19T18:14:58.314214+05:30","order_sent":{"request_id":"ba6fcbb4-67cb-413d-9a0d-6916e062f80a","order_id":"","type":"LIMIT","symbol":"TSLA","side":"BUY","price":830.62,"quantity":20}}
{"event_type":"order_sent","timestamp":"2026-05-19T18:14:58.314214+05:30","order_sent":{"request_id":"0559a194-1d56-49bb-8094-5ea9044e188c","order_id":"ord-5820692092556139618","type":"CANCEL","symbol":"","side":""}}
{"event_type":"order_sent","timestamp":"2026-05-19T18:14:58.314214+05:30","order_sent":{"request_id":"dabad271-6fcb-4039-9433-db69dc2621c9","order_id":"","type":"LIMIT","symbol":"AAPL","side":"SELL","price":872.09,"quantity":30}}
{"event_type":"order_sent","timestamp":"2026-05-19T18:14:58.314214+05:30","order_sent":{"request_id":"40eaa861-1433-46dd-9ace-56459440455a","order_id":"","type":"LIMIT","symbol":"TSLA","side":"BUY","price":494.99,"quantity":28}}
{"event_type":"order_sent","timestamp":"2026-05-19T18:14:58.314214+05:30","order_sent":{"request_id":"e058c03a-1eac-45dd-8589-48d4e30a782b","order_id":"","type":"LIMIT","symbol":"AAPL","side":"BUY","price":377.95,"quantity":5}}
{"event_type":"order_sent","timestamp":"2026-05-19T18:14:58.314214+05:30","order_sent":{"request_id":"60e746a5-8363-4a29-8237-1afb13ab5725","order_id":"","type":"MARKET","symbol":"TSLA","side":"SELL","quantity":37}}
{"event_type":"order_sent","timestamp":"2026-05-19T18:14:58.314214+05:30","order_sent":{"request_id":"3ef3ff40-39b9-47c1-b9fc-b64ab346a751","order_id":"ord-5807595852981015040","type":"CANCEL","symbol":"","side":""}}
{"event_type":"order_sent","timestamp":"2026-05-19T18:14:58.314214+05:30","order_sent":{"request_id":"8c1f3182-cab1-4e5b-ab1b-50140ca1fa2b","order_id":"","type":"LIMIT","symbol":"MSFT","side":"SELL","price":224.89,"quantity":96}}
{"event_type":"order_sent","timestamp":"2026-05-19T18:14:58.314214+05:30","order_sent":{"request_id":"205984f7-cfa1-4d53-901a-57641d34b40c","order_id":"","type":"LIMIT","symbol":"AMZN","side":"BUY","price":995.68,"quantity":10}}
{"event_type":"order_sent","timestamp":"2026-05-19T18:14:58.314214+05:30","order_sent":{"request_id":"468616ee-3c87-49a7-9d5e-d642fae34b60","order_id":"","type":"LIMIT","symbol":"AAPL","side":"BUY","price":879.54,"quantity":92}}
{"event_type":"order_sent","timestamp":"2026-05-19T18:14:58.314214+05:30","order_sent":{"request_id":"a0e45932-1e67-4376-9637-6f542ffdea7d","order_id":"","type":"LIMIT","symbol":"MSFT","side":"SELL","price":147.68,"quantity":90}}
{"event_type":"order_sent","timestamp":"2026-05-19T18:14:58.314214+05:30","order_sent":{"request_id":"2ce7fded-4302-4db5-aa18-bfccc419d12d","order_id":"","type":"MARKET","symbol":"MSFT","side":"SELL","quantity":9}}
{"event_type":"order_sent","timestamp":"2026-05-19T18:14:58.314214+05:30","order_sent":{"request_id":"382774ff-b49c-4fd4-90c1-9cb5af31bb59","order_id":"","type":"LIMIT","symbol":"TSLA","side":"SELL","price":200.97,"quantity":22}}
{"event_type":"order_sent","timestamp":"2026-05-19T18:14:58.314214+05:30","order_sent":{"request_id":"5c6fc04f-78bc-46d9-bf5c-31fc3c68b676","order_id":"","type":"LIMIT","symbol":"AMZN","side":"BUY","price":282.16,"quantity":97}}
{"event_type":"order_sent","timestamp":"2026-05-19T18:14:58.314214+05:30","order_sent":{"request_id":"a2159342-cf72-4d2b-b10c-61120aaade97","order_id":"","type":"MARKET","symbol":"GOOG","side":"BUY","quantity":40}}
{"event_type":"order_sent","timestamp":"2026-05-19T18:14:58.314214+05:30","order_sent":{"request_id":"249c6404-df94-49a2-815f-74e11f9f2853","order_id":"","type":"LIMIT","symbol":"MSFT","side":"BUY","price":585.65,"quantity":62}}
{"event_type":"order_sent","timestamp":"2026-05-19T18:14:58.314214+05:30","order_sent":{"request_id":"df55a324-ce43-4544-86f3-2c34b0b097f3","order_id":"","type":"LIMIT","symbol":"TSLA","side":"SELL","price":672.28,"quantity":30}}
{"event_type":"order_sent","timestamp":"2026-05-19T18:14:58.314214+05:30","order_sent":{"request_id":"18bf3e84-16db-428a-84b7-1823f389f4f3","order_id":"","type":"LIMIT","symbol":"TSLA","side":"BUY","price":810.59,"quantity":59}}
{"event_type":"order_sent","timestamp":"2026-05-19T18:14:58.314214+05:30","order_sent":{"request_id":"ddeef50e-2deb-49ee-9563-dd21ace7f816","order_id":"","type":"MARKET","symbol":"GOOG","side":"SELL","quantity":29}}
{"event_type":"order_sent","timestamp":"2026-05-19T18:14:58.314214+05:30","order_sent":{"request_id":"3d7c422a-9e35-40b3-801e-e2ebcda029df","order_id":"ord-1576680687816876862","type":"CANCEL","symbol":"","side":""}}
{"event_type":"order_sent","timestamp":"2026-05-19T18:14:58.314214+05:30","order_sent":{"request_id":"25629a59-d3c3-46e8-b767-7ba484ce5c16","order_id":"","type":"LIMIT","symbol":"AAPL","side":"SELL","price":270.04,"quantity":38}}
{"event_type":"order_sent","timestamp":"2026-05-19T18:14:58.314214+05:30","order_sent":{"request_id":"ae8daab2-240c-496a-9a9c-bf4d584947ad","order_id":"ord-1089367904705137081","type":"CANCEL","symbol":"","side":""}}
{"event_type":"order_sent","timestamp":"2026-05-19T18:14:58.314214+05:30","order_sent":{"request_id":"4e0aa855-f519-4162-b15b-a06f19bcb3ff","order_id":"","type":"MARKET","symbol":"AAPL","side":"SELL","quantity":50}}
{"event_type":"order_sent","timestamp":"2026-05-19T18:14:58.314214+05:30","order_sent":{"request_id":"0d68f1b1-51f9-4e89-beec-d56d606e5bde","order_id":"","type":"MARKET","symbol":"MSFT","side":"BUY","quantity":6}}
{"event_type":"order_sent","timestamp":"2026-05-19T18:14:58.314214+05:30","order_sent":{"request_id":"19925e86-3f82-4087-91ff-0c38e4f20cbf","order_id":"","type":"LIMIT","symbol":"TSLA","side":"BUY","price":518.69,"quantity":58}}
{"event_type":"order_sent","timestamp":"2026-05-19T18:14:58.314214+05:30","order_sent":{"request_id":"b0ce07ff-09c6-4132-9b8b-2b3699f6c880","order_id":"","type":"MARKET","symbol":"TSLA","side":"BUY","quantity":12}}
{"event_type":"order_sent","timestamp":"2026-05-19T18:14:58.314214+05:30","order_sent":{"request_id":"263dbe70-b18f-4960-b578-11338fe30706","order_id":"ord-8334133828204739151","type":"CANCEL","symbol":"","side":""}}
{"event_type":"order_sent","timestamp":"2026-05-19T18:14:58.314214+05:30","order_sent":{"request_id":"c805ca27-9add-4b40-9eb3-6826a24b3b8c","order_id":"","type":"LIMIT","symbol":"AMZN","side":"BUY","price":151.17,"quantity":35}}
{"event_type":"order_sent","timestamp":"2026-05-19T18:14:58.314214+05:30","order_sent":{"request_id":"9adb3a67-4050-4952-89e2-dd4941495c3d","order_id":"","type":"LIMIT","symbol":"TSLA","side":"SELL","price":557.07,"quantity":79}}
{"event_type":"order_sent","timestamp":"2026-05-19T18:14:58.314214+05:30","order_sent":{"request_id":"d2b20369-9072-4937-875b-f7d7a2cbac21","order_id":"","type":"LIMIT","symbol":"AAPL","side":"SELL","price":748.29,"quantity":34}}
{"event_type":"order_sent","timestamp":"2026-05-19T18:14:58.314214+05:30","order_sent":{"request_id":"a576823e-a873-4067-932c-06b66a9d9517","order_id":"ord-4206065018732883475","type":"CANCEL","symbol":"","side":""}}
{"event_type":"order_sent","timestamp":"2026-05-19T18:14:58.314214+05:30","order_sent":{"request_id":"27aa1e87-41fd-4356-811a-1ff21d8c55e5","order_id":"","type":"MARKET","symbol":"TSLA","side":"BUY","quantity":47}}
{"event_type":"order_acked","timestamp":"2026-05-19T18:14:58.3229627+05:30","order_acked":{"request_id":"771c116d-56e8-4c4a-bd03-447c5031a481","status_code":201}}
{"event_type":"order_sent","timestamp":"2026-05-19T18:14:58.314214+05:30","order_sent":{"request_id":"659b6e16-012f-4d59-af8e-191215c2ef84","order_id":"","type":"LIMIT","symbol":"GOOG","side":"SELL","price":637.92,"quantity":16}}
{"event_type":"order_sent","timestamp":"2026-05-19T18:14:58.314214+05:30","order_sent":{"request_id":"c2fbb2e2-e88b-4c3d-8847-d4ee26030266","order_id":"","type":"LIMIT","symbol":"TSLA","side":"BUY","price":884.38,"quantity":34}}
{"event_type":"order_sent","timestamp":"2026-05-19T18:14:58.314214+05:30","order_sent":{"request_id":"72a13904-91bb-43c9-a9d5-ffc0c0b141e2","order_id":"ord-7700628002562558352","type":"CANCEL","symbol":"","side":""}}
{"event_type":"order_sent","timestamp":"2026-05-19T18:14:58.314214+05:30","order_sent":{"request_id":"a3c7f66f-ac8d-4606-9694-87e7821c955b","order_id":"ord-5767167787740433221","type":"CANCEL","symbol":"","side":""}}
{"event_type":"order_sent","timestamp":"2026-05-19T18:14:58.314214+05:30","order_sent":{"request_id":"110caef5-8664-4954-8e08-674357ae5950","order_id":"ord-6638107892381188519","type":"CANCEL","symbol":"","side":""}}
{"event_type":"order_sent","timestamp":"2026-05-19T18:14:58.314214+05:30","order_sent":{"request_id":"ac6f498f-4e62-4625-bc16-119c27b6337e","order_id":"","type":"LIMIT","symbol":"AAPL","side":"SELL","price":365.38,"quantity":7}}
{"event_type":"order_sent","timestamp":"2026-05-19T18:14:58.314214+05:30","order_sent":{"request_id":"41b8cf1c-4458-4e9c-a5ad-8bac3d6defed","order_id":"","type":"MARKET","symbol":"MSFT","side":"SELL","quantity":8}}
{"event_type":"order_sent","timestamp":"2026-05-19T18:14:58.314214+05:30","order_sent":{"request_id":"52cfbc6a-94d7-46db-bf1c-ad229b0ce7b1","order_id":"","type":"LIMIT","symbol":"AAPL","side":"SELL","price":506.77,"quantity":15}}
{"event_type":"order_sent","timestamp":"2026-05-19T18:14:58.314214+05:30","order_sent":{"request_id":"11db603c-f21d-4acb-9adc-4fce4bad6ee1","order_id":"","type":"MARKET","symbol":"TSLA","side":"SELL","quantity":13}}
{"event_type":"order_sent","timestamp":"2026-05-19T18:14:58.314214+05:30","order_sent":{"request_id":"e7a963dd-8cff-47d2-881d-1054ca640ea2","order_id":"","type":"LIMIT","symbol":"AAPL","side":"SELL","price":836.64,"quantity":63}}
{"event_type":"order_sent","timestamp":"2026-05-19T18:14:58.314214+05:30","order_sent":{"request_id":"2d490072-b2de-4378-9960-2cd6f9004f42","order_id":"","type":"MARKET","symbol":"GOOG","side":"BUY","quantity":3}}
{"event_type":"order_sent","timestamp":"2026-05-19T18:14:58.314214+05:30","order_sent":{"request_id":"956a7147-1d1a-44ee-b093-3e61d69eb1b4","order_id":"","type":"LIMIT","symbol":"GOOG","side":"BUY","price":355.96,"quantity":90}}
{"event_type":"order_sent","timestamp":"2026-05-19T18:14:58.314214+05:30","order_sent":{"request_id":"2852a68e-d875-4879-8fb2-ebe92f2592d5","order_id":"","type":"LIMIT","symbol":"AAPL","side":"BUY","price":366.24,"quantity":22}}
{"event_type":"order_sent","timestamp":"2026-05-19T18:14:58.314214+05:30","order_sent":{"request_id":"91eab618-6b8e-4593-8de0-ca88a4029d3e","order_id":"","type":"MARKET","symbol":"MSFT","side":"SELL","quantity":16}}
{"event_type":"order_sent","timestamp":"2026-05-19T18:14:58.314214+05:30","order_sent":{"request_id":"4750316c-75ba-40ce-b04b-de1d9574918b","order_id":"","type":"LIMIT","symbol":"GOOG","side":"BUY","price":175.21,"quantity":62}}
{"event_type":"order_acked","timestamp":"2026-05-19T18:14:58.3266951+05:30","order_acked":{"request_id":"b40dcf8b-a996-404e-adf9-1996350f59cf","status_code":200}}
{"event_type":"execution_report","timestamp":"2026-05-19T18:14:58.3362198+05:30","execution":{"order_id":"79f4ee4b-67ff-48a3-8d0c-748fc3541ac1","symbol":"AMZN","side":"SELL","status":"filled","filled_qty":72,"leaves_qty":0,"price":789.36,"timestamp":"2026-05-19T12:44:58Z","match_id":"75fbac60-88c6-4027-a0e1-6ed51fdaa531"}}
{"event_type":"execution_report","timestamp":"2026-05-19T18:14:58.3386567+05:30","execution":{"order_id":"964ded07-721b-468e-9690-321a7d21ce2c","symbol":"AMZN","side":"BUY","status":"filled","filled_qty":92,"leaves_qty":0,"price":250.72,"timestamp":"2026-05-19T12:44:58Z","match_id":"81df2960-ff68-4629-8062-78b184e5daef"}}
{"event_type":"order_acked","timestamp":"2026-05-19T18:14:58.3407648+05:30","order_acked":{"request_id":"6acbae9c-a538-443d-b6d7-0c1237943f6e","status_code":201}}
{"event_type":"order_acked","timestamp":"2026-05-19T18:14:58.3407648+05:30","order_acked":{"request_id":"9fc9e8c9-6934-4538-aeba-57587f5c68e2","status_code":201}}
{"event_type":"order_acked","timestamp":"2026-05-19T18:14:58.3448509+05:30","order_acked":{"request_id":"4573e3c0-0ba9-42c5-9191-9a4dd1e8f6f9","status_code":201}}
{"event_type":"order_acked","timestamp":"2026-05-19T18:14:58.3471716+05:30","order_acked":{"request_id":"24ae1704-c540-4498-a70a-d4c9b49e0806","status_code":200}}
{"event_type":"execution_report","timestamp":"2026-05-19T18:14:58.3617899+05:30","execution":{"order_id":"0f0f20c1-085d-4a49-bec2-8b65674a0910","symbol":"AAPL","side":"SELL","status":"filled","filled_qty":25,"leaves_qty":0,"price":376.57,"timestamp":"2026-05-19T12:44:58Z","match_id":"cfeab62a-a714-41cb-aa51-a5f2f5584fe3"}}
{"event_type":"order_acked","timestamp":"2026-05-19T18:14:58.3617899+05:30","order_acked":{"request_id":"16c9dc49-c916-4a5a-b08b-992f8fb6d3e6","status_code":201}}
{"event_type":"order_acked","timestamp":"2026-05-19T18:14:58.3655682+05:30","order_acked":{"request_id":"70b7cfa4-45b8-4963-bfb2-d40a53a2fdee","status_code":200}}
{"event_type":"execution_report","timestamp":"2026-05-19T18:14:58.3688885+05:30","execution":{"order_id":"feb31d16-9d21-4647-aec8-0011d77b09db","symbol":"MSFT","side":"BUY","status":"filled","filled_qty":19,"leaves_qty":0,"price":522.29,"timestamp":"2026-05-19T12:44:58Z","match_id":"e793ecfb-c840-4161-8557-e22330785e3a"}}
{"event_type":"order_acked","timestamp":"2026-05-19T18:14:58.3757334+05:30","order_acked":{"request_id":"29945d00-6c3e-40d2-91a6-fec405e4c9a5","status_code":201}}
{"event_type":"order_acked","timestamp":"2026-05-19T18:14:58.3808252+05:30","order_acked":{"request_id":"6b8e8620-ec6b-417e-a008-9490a0992de2","status_code":200}}
{"event_type":"order_acked","timestamp":"2026-05-19T18:14:58.3837967+05:30","order_acked":{"request_id":"c95850ef-e80f-424c-bef3-b3606a8d49dd","status_code":201}}
{"event_type":"order_acked","timestamp":"2026-05-19T18:14:58.3870302+05:30","order_acked":{"request_id":"ebba0502-973d-4bfc-8572-e1acc3ea9c9a","status_code":201}}
{"event_type":"execution_report","timestamp":"2026-05-19T18:14:58.3881111+05:30","execution":{"order_id":"f2afc73f-f058-45a4-b18c-a88c4001009a","symbol":"GOOG","side":"SELL","status":"filled","filled_qty":82,"leaves_qty":0,"price":713.26,"timestamp":"2026-05-19T12:44:58Z","match_id":"1cc02a02-2237-438e-9d95-5b0b6ec12003"}}
{"event_type":"execution_report","timestamp":"2026-05-19T18:14:58.3970085+05:30","execution":{"order_id":"88170b0f-78fa-42e8-b210-b09c45ec2dcf","symbol":"AAPL","side":"SELL","status":"filled","filled_qty":30,"leaves_qty":0,"price":747.42,"timestamp":"2026-05-19T12:44:58Z","match_id":"f2f1c7a7-fb47-45c1-b79e-63615e887644"}}
{"event_type":"order_acked","timestamp":"2026-05-19T18:14:58.3975554+05:30","order_acked":{"request_id":"63b657d3-6b71-4520-8a5a-15cb8a723a5c","status_code":201}}
{"event_type":"order_acked","timestamp":"2026-05-19T18:14:58.3997154+05:30","order_acked":{"request_id":"40bb7816-f619-4c90-aa89-7186e823f16c","status_code":201}}
{"event_type":"execution_report","timestamp":"2026-05-19T18:14:58.4002994+05:30","execution":{"order_id":"4aeb5940-cfd2-450c-bcf1-6a0597199d1e","symbol":"AMZN","side":"BUY","status":"filled","filled_qty":20,"leaves_qty":0,"price":322.85,"timestamp":"2026-05-19T12:44:58Z","match_id":"9d49b1fa-f5a3-4207-a794-606bec14c38f"}}
{"event_type":"order_acked","timestamp":"2026-05-19T18:14:58.4024948+05:30","order_acked":{"request_id":"6c8701f2-1096-42ae-be01-2813b0ad02da","status_code":201}}
{"event_type":"order_acked","timestamp":"2026-05-19T18:14:58.403698+05:30","order_acked":{"request_id":"e30f5e49-cbc0-4882-b99b-3186ddb10ac4","status_code":200}}
{"event_type":"order_acked","timestamp":"2026-05-19T18:14:58.407478+05:30","order_acked":{"request_id":"42856cb6-d22e-4056-8cec-550fdc1841f7","status_code":201}}
{"event_type":"execution_report","timestamp":"2026-05-19T18:14:58.4080272+05:30","execution":{"order_id":"8652bf68-17b0-4aa1-bcd4-a8ff37534e21","symbol":"MSFT","side":"SELL","status":"filled","filled_qty":17,"leaves_qty":0,"price":480.33,"timestamp":"2026-05-19T12:44:58Z","match_id":"2b97581d-bf83-4d6c-a8b5-6f0e7f82f272"}}
{"event_type":"order_acked","timestamp":"2026-05-19T18:14:58.4119739+05:30","order_acked":{"request_id":"75a64df7-e602-44bd-a972-2d9f94edbea7","status_code":201}}
{"event_type":"order_acked","timestamp":"2026-05-19T18:14:58.4168998+05:30","order_acked":{"request_id":"73c8d1b2-ed72-43ff-992f-b64d81f23219","status_code":201}}
{"event_type":"order_acked","timestamp":"2026-05-19T18:14:58.4350091+05:30","order_acked":{"request_id":"17f3c309-d1c3-486e-afd5-7e02a2ca29c7","status_code":201}}
{"event_type":"order_acked","timestamp":"2026-05-19T18:14:58.4350091+05:30","order_acked":{"request_id":"5ed53413-f067-4e30-93a6-9851268527f2","status_code":201}}
{"event_type":"execution_report","timestamp":"2026-05-19T18:14:58.4350091+05:30","execution":{"order_id":"685615c8-220f-4d6a-8a64-6b19fc383aef","symbol":"TSLA","side":"SELL","status":"filled","filled_qty":92,"leaves_qty":0,"price":386.44,"timestamp":"2026-05-19T12:44:58Z","match_id":"efeaa22e-1633-4b89-9d6e-bf5b4677a5be"}}
{"event_type":"order_acked","timestamp":"2026-05-19T18:14:58.4350091+05:30","order_acked":{"request_id":"44dfe6d5-aff5-4d1c-b762-d3bbc2693f1f","status_code":201}}
{"event_type":"order_acked","timestamp":"2026-05-19T18:14:58.4642812+05:30","order_acked":{"request_id":"787c2657-26b6-436d-92b5-22b04292b7c3","status_code":201}}
{"event_type":"order_acked","timestamp":"2026-05-19T18:14:58.4642812+05:30","order_acked":{"request_id":"e97a3d27-f3b1-451d-ac04-306356a8c1eb","status_code":201}}
{"event_type":"execution_report","timestamp":"2026-05-19T18:14:58.4642812+05:30","execution":{"order_id":"7e0546ed-5e5b-4e8f-898c-b215349716cc","symbol":"AMZN","side":"SELL","status":"filled","filled_qty":83,"leaves_qty":0,"price":346.18,"timestamp":"2026-05-19T12:44:58Z","match_id":"ce7d2de1-dd9f-40ef-8d59-b7e01f363a8c"}}
{"event_type":"execution_report","timestamp":"2026-05-19T18:14:58.4642812+05:30","execution":{"order_id":"4a3b44ee-c115-4fa0-9bc2-6f9a969f3953","symbol":"AAPL","side":"SELL","status":"filled","filled_qty":45,"leaves_qty":0,"price":414.43,"timestamp":"2026-05-19T12:44:58Z","match_id":"352e8c10-ad7c-4dbc-8973-0749bf691202"}}
{"event_type":"execution_report","timestamp":"2026-05-19T18:14:58.4642812+05:30","execution":{"order_id":"ec355d30-b10f-424d-a3e6-d369c1bb5693","symbol":"TSLA","side":"SELL","status":"filled","filled_qty":71,"leaves_qty":0,"price":282.43,"timestamp":"2026-05-19T12:44:58Z","match_id":"8dcbc620-39ce-4476-a87b-66100f9211a3"}}
{"event_type":"execution_report","timestamp":"2026-05-19T18:14:58.4642812+05:30","execution":{"order_id":"22b11815-b6a6-4091-9725-b4413aa64ef5","symbol":"AMZN","side":"BUY","status":"filled","filled_qty":2,"leaves_qty":0,"price":777.61,"timestamp":"2026-05-19T12:44:58Z","match_id":"889cf070-4e49-4ae6-8bde-7b011e7e7ab6"}}
{"event_type":"execution_report","timestamp":"2026-05-19T18:14:58.4642812+05:30","execution":{"order_id":"067c0290-da0b-482c-bab8-a2b82226f47b","symbol":"AMZN","side":"BUY","status":"filled","filled_qty":100,"leaves_qty":0,"price":878.01,"timestamp":"2026-05-19T12:44:58Z","match_id":"60050e42-ca28-457c-b793-b66b12140fde"}}
{"event_type":"order_acked","timestamp":"2026-05-19T18:14:58.4642812+05:30","order_acked":{"request_id":"3ce98892-54b0-4cd6-95a9-ee3f52a1c326","status_code":201}}
{"event_type":"order_acked","timestamp":"2026-05-19T18:14:58.4648298+05:30","order_acked":{"request_id":"0b0482f8-0cb8-44b8-a66d-b870488e0007","status_code":201}}
{"event_type":"order_acked","timestamp":"2026-05-19T18:14:58.4648298+05:30","order_acked":{"request_id":"9d9bd12e-930a-431f-949e-b8f9f0775185","status_code":201}}
{"event_type":"order_acked","timestamp":"2026-05-19T18:14:58.4648298+05:30","order_acked":{"request_id":"aca3c802-2055-4a74-9603-c9ea280968d7","status_code":201}}
{"event_type":"order_acked","timestamp":"2026-05-19T18:14:58.5001973+05:30","order_acked":{"request_id":"b5f8a524-39d8-4cd9-83b1-a9ee02f2ad1a","status_code":201}}
{"event_type":"order_acked","timestamp":"2026-05-19T18:14:58.5001973+05:30","order_acked":{"request_id":"2dd0f8e1-b171-406e-ac3a-b063f89f51d2","status_code":201}}
{"event_type":"order_acked","timestamp":"2026-05-19T18:14:58.5001973+05:30","order_acked":{"request_id":"da2bdb78-6d20-4592-ad85-7f0095a50322","status_code":201}}
{"event_type":"order_acked","timestamp":"2026-05-19T18:14:58.5001973+05:30","order_acked":{"request_id":"cb4fc4af-4896-445d-aa69-6a6ccde939ec","status_code":200}}
{"event_type":"execution_report","timestamp":"2026-05-19T18:14:58.501107+05:30","execution":{"order_id":"a8516bde-fbc0-457a-838c-a32c60413ce2","symbol":"AAPL","side":"SELL","status":"filled","filled_qty":20,"leaves_qty":0,"price":588.92,"timestamp":"2026-05-19T12:44:58Z","match_id":"5ef7e8ff-cee3-4772-a9fa-cb553fd58edc"}}
{"event_type":"execution_report","timestamp":"2026-05-19T18:14:58.501107+05:30","execution":{"order_id":"53b6bc94-23d1-4909-9d0e-c8029fb46e6c","symbol":"AMZN","side":"SELL","status":"filled","filled_qty":48,"leaves_qty":0,"price":629.53,"timestamp":"2026-05-19T12:44:58Z","match_id":"d314e2d2-2bfb-4f65-85d0-317fbaadbfe3"}}
{"event_type":"execution_report","timestamp":"2026-05-19T18:14:58.501107+05:30","execution":{"order_id":"1f8d58a3-f423-4018-b995-42403ccb589c","symbol":"GOOG","side":"BUY","status":"filled","filled_qty":41,"leaves_qty":0,"price":498.04,"timestamp":"2026-05-19T12:44:58Z","match_id":"ef4c5c2f-cbec-4f21-8f58-2ace5e9ed7fc"}}
{"event_type":"order_acked","timestamp":"2026-05-19T18:14:58.5082938+05:30","order_acked":{"request_id":"5da13278-d7eb-4eaf-916f-fbc4d5cb7194","status_code":200}}
{"event_type":"order_acked","timestamp":"2026-05-19T18:14:58.5133427+05:30","order_acked":{"request_id":"5311ae96-10e4-4003-8183-0293d81e4a58","status_code":201}}
{"event_type":"order_acked","timestamp":"2026-05-19T18:14:58.5133427+05:30","order_acked":{"request_id":"0c103aba-e91c-418e-bf19-c04645148cc9","status_code":201}}
{"event_type":"order_acked","timestamp":"2026-05-19T18:14:58.5138512+05:30","order_acked":{"request_id":"d9216b84-569f-4af7-9077-a8922d65f2dc","status_code":201}}
{"event_type":"order_acked","timestamp":"2026-05-19T18:14:58.5362416+05:30","order_acked":{"request_id":"338340e0-8042-46ad-875f-0083f2560360","status_code":201}}
{"event_type":"execution_report","timestamp":"2026-05-19T18:14:58.5430195+05:30","execution":{"order_id":"349e9542-7c01-4fc8-9e72-aa6bb3864894","symbol":"AMZN","side":"SELL","status":"filled","filled_qty":51,"leaves_qty":0,"price":565.88,"timestamp":"2026-05-19T12:44:58Z","match_id":"ac5e33e9-b7b1-4b37-b6fc-f0742c3521b8"}}
{"event_type":"execution_report","timestamp":"2026-05-19T18:14:58.5471979+05:30","execution":{"order_id":"c7925f5c-df54-4d94-84ea-bc583af22059","symbol":"AMZN","side":"BUY","status":"filled","filled_qty":29,"leaves_qty":0,"price":117.47,"timestamp":"2026-05-19T12:44:58Z","match_id":"a1e13628-a8dc-44ec-944d-1b65e3741b7e"}}
{"event_type":"execution_report","timestamp":"2026-05-19T18:14:58.55638+05:30","execution":{"order_id":"75f97a15-3e51-466a-bf0d-25a628188aae","symbol":"AAPL","side":"BUY","status":"filled","filled_qty":34,"leaves_qty":0,"price":928.77,"timestamp":"2026-05-19T12:44:58Z","match_id":"d49729bd-4318-42d6-a1f2-3181ab999af5"}}
{"event_type":"execution_report","timestamp":"2026-05-19T18:14:58.5601181+05:30","execution":{"order_id":"cfd73ce2-af9c-40f4-89e0-9b323ada9d72","symbol":"AMZN","side":"SELL","status":"filled","filled_qty":64,"leaves_qty":0,"price":945.87,"timestamp":"2026-05-19T12:44:58Z","match_id":"456ea327-e22d-463f-8560-6340a0b91936"}}
{"event_type":"execution_report","timestamp":"2026-05-19T18:14:58.561696+05:30","execution":{"order_id":"c26b2082-4a5f-4d9d-97c0-646259bfda95","symbol":"TSLA","side":"BUY","status":"filled","filled_qty":51,"leaves_qty":0,"price":381.45,"timestamp":"2026-05-19T12:44:58Z","match_id":"8bed5e81-bc03-47b5-b102-ee2a5da05ba2"}}
{"event_type":"execution_report","timestamp":"2026-05-19T18:14:58.5627394+05:30","execution":{"order_id":"5e99ba9d-786e-4944-be27-c30c46ba0041","symbol":"TSLA","side":"BUY","status":"filled","filled_qty":28,"leaves_qty":0,"price":494.99,"timestamp":"2026-05-19T12:44:58Z","match_id":"34b141d9-f9d8-4cdb-9335-d9a4032678fc"}}
{"event_type":"execution_report","timestamp":"2026-05-19T18:14:58.5643053+05:30","execution":{"order_id":"3a03679f-e286-4471-ad22-3113c1e405c3","symbol":"AMZN","side":"BUY","status":"filled","filled_qty":29,"leaves_qty":0,"price":772.37,"timestamp":"2026-05-19T12:44:58Z","match_id":"d99acfd5-046e-4cfa-8ac2-777aa0066640"}}
{"event_type":"execution_report","timestamp":"2026-05-19T18:14:58.5669183+05:30","execution":{"order_id":"be915cc6-0baf-41e4-ab0e-5171b3d83bc4","symbol":"TSLA","side":"BUY","status":"filled","filled_qty":26,"leaves_qty":0,"price":797.97,"timestamp":"2026-05-19T12:44:58Z","match_id":"9131e8ce-be3a-4e5c-952e-80fc73d3bb12"}}
{"event_type":"order_acked","timestamp":"2026-05-19T18:14:58.5716407+05:30","order_acked":{"request_id":"7193b1b1-c1a2-49f1-bc2f-e57a06b47633","status_code":201}}
{"event_type":"order_acked","timestamp":"2026-05-19T18:14:58.5716407+05:30","order_acked":{"request_id":"4a1f8e5c-8c75-49af-8f2d-3b07120eadf6","status_code":201}}
{"event_type":"order_acked","timestamp":"2026-05-19T18:14:58.5734+05:30","order_acked":{"request_id":"6ad00e53-ae65-4b2b-9a68-ce9bacc8987a","status_code":201}}
{"event_type":"order_acked","timestamp":"2026-05-19T18:14:58.5805966+05:30","order_acked":{"request_id":"dabad271-6fcb-4039-9433-db69dc2621c9","status_code":201}}
{"event_type":"order_acked","timestamp":"2026-05-19T18:14:58.5828641+05:30","order_acked":{"request_id":"5191f355-1e1b-434a-b0ed-4deae1bc5399","status_code":201}}
{"event_type":"order_acked","timestamp":"2026-05-19T18:14:58.5828641+05:30","order_acked":{"request_id":"d5c44214-df04-4ea2-a669-535a29a4c621","status_code":201}}
{"event_type":"execution_report","timestamp":"2026-05-19T18:14:58.5828641+05:30","execution":{"order_id":"d8c274f2-a944-4ca6-92a9-488a2ef2f140","symbol":"AAPL","side":"SELL","status":"filled","filled_qty":30,"leaves_qty":0,"price":872.09,"timestamp":"2026-05-19T12:44:58Z","match_id":"5e2ba967-83ab-49eb-9698-1ec9bf781949"}}
{"event_type":"execution_report","timestamp":"2026-05-19T18:14:58.5828641+05:30","execution":{"order_id":"a29fcc4f-4a0d-4fda-b98e-8ab554ff29fc","symbol":"GOOG","side":"SELL","status":"filled","filled_qty":16,"leaves_qty":0,"price":637.92,"timestamp":"2026-05-19T12:44:58Z","match_id":"101d221b-6c99-49bc-affe-18ffa6bbb8e0"}}
{"event_type":"execution_report","timestamp":"2026-05-19T18:14:58.5828641+05:30","execution":{"order_id":"b6f9662e-22ce-4031-a3b5-f6db84ae2d6e","symbol":"TSLA","side":"BUY","status":"filled","filled_qty":20,"leaves_qty":0,"price":830.62,"timestamp":"2026-05-19T12:44:58Z","match_id":"f39cf19c-bbc4-4ba2-a0d0-2cd6470dab7f"}}
{"event_type":"order_acked","timestamp":"2026-05-19T18:14:58.5849302+05:30","order_acked":{"request_id":"263dbe70-b18f-4960-b578-11338fe30706","status_code":200}}
{"event_type":"order_acked","timestamp":"2026-05-19T18:14:58.5854553+05:30","order_acked":{"request_id":"659b6e16-012f-4d59-af8e-191215c2ef84","status_code":201}}
{"event_type":"order_acked","timestamp":"2026-05-19T18:14:58.5864683+05:30","order_acked":{"request_id":"2ce7fded-4302-4db5-aa18-bfccc419d12d","status_code":201}}
{"event_type":"order_acked","timestamp":"2026-05-19T18:14:58.5864683+05:30","order_acked":{"request_id":"2b2e97cf-5c07-4435-92e9-b46d2a774dd3","status_code":201}}
{"event_type":"order_acked","timestamp":"2026-05-19T18:14:58.5886706+05:30","order_acked":{"request_id":"a2d523ef-cc0a-4999-bbfb-28088d5c17b6","status_code":200}}
{"event_type":"order_acked","timestamp":"2026-05-19T18:14:58.5886706+05:30","order_acked":{"request_id":"40eaa861-1433-46dd-9ace-56459440455a","status_code":201}}
{"event_type":"order_acked","timestamp":"2026-05-19T18:14:58.5907027+05:30","order_acked":{"request_id":"3dbd4b80-f950-4f2f-b024-44847447536e","status_code":201}}
{"event_type":"order_acked","timestamp":"2026-05-19T18:14:58.5957616+05:30","order_acked":{"request_id":"4420ae29-b008-4e98-a614-ef0fc5fefe5f","status_code":201}}
{"event_type":"order_acked","timestamp":"2026-05-19T18:14:58.5957616+05:30","order_acked":{"request_id":"cff2ed58-6704-4cc7-a284-33b3db8cbd04","status_code":201}}
{"event_type":"order_acked","timestamp":"2026-05-19T18:14:58.6001067+05:30","order_acked":{"request_id":"e5ec00e3-9fc5-4797-820a-8c4526ec6883","status_code":200}}
{"event_type":"order_acked","timestamp":"2026-05-19T18:14:58.6017392+05:30","order_acked":{"request_id":"ba6fcbb4-67cb-413d-9a0d-6916e062f80a","status_code":201}}
{"event_type":"order_acked","timestamp":"2026-05-19T18:14:58.6034312+05:30","order_acked":{"request_id":"a710ffe9-19eb-4642-aeef-82ef742cad2b","status_code":201}}
{"event_type":"order_acked","timestamp":"2026-05-19T18:14:58.6034312+05:30","order_acked":{"request_id":"9a1be1c6-7be9-4d01-982b-f6d66b532c71","status_code":200}}
{"event_type":"order_acked","timestamp":"2026-05-19T18:14:58.6072502+05:30","order_acked":{"request_id":"a2159342-cf72-4d2b-b10c-61120aaade97","status_code":201}}
{"event_type":"order_acked","timestamp":"2026-05-19T18:14:58.6083264+05:30","order_acked":{"request_id":"14bb9181-820e-4e58-9075-51760058e2f5","status_code":201}}
{"event_type":"order_acked","timestamp":"2026-05-19T18:14:58.6088784+05:30","order_acked":{"request_id":"0559a194-1d56-49bb-8094-5ea9044e188c","status_code":200}}
{"event_type":"execution_report","timestamp":"2026-05-19T18:14:58.6099817+05:30","execution":{"order_id":"8804a5f7-89f8-418e-93b5-fbd61aa5fc7b","symbol":"MSFT","side":"BUY","status":"filled","filled_qty":32,"leaves_qty":0,"price":521.96,"timestamp":"2026-05-19T12:44:58Z","match_id":"88e5cfa1-ec48-45cd-ad1a-01550ee28ad8"}}
{"event_type":"order_acked","timestamp":"2026-05-19T18:14:58.6148832+05:30","order_acked":{"request_id":"4750316c-75ba-40ce-b04b-de1d9574918b","status_code":201}}
{"event_type":"execution_report","timestamp":"2026-05-19T18:14:58.6154242+05:30","execution":{"order_id":"a911a6f7-8f87-4e97-9141-1a389d78bc91","symbol":"GOOG","side":"BUY","status":"filled","filled_qty":62,"leaves_qty":0,"price":175.21,"timestamp":"2026-05-19T12:44:58Z","match_id":"7bd97035-1c22-44e6-a03b-88c1404d3dc4"}}
{"event_type":"order_acked","timestamp":"2026-05-19T18:14:58.6176667+05:30","order_acked":{"request_id":"ddeef50e-2deb-49ee-9563-dd21ace7f816","status_code":201}}
{"event_type":"order_acked","timestamp":"2026-05-19T18:14:58.61992+05:30","order_acked":{"request_id":"468616ee-3c87-49a7-9d5e-d642fae34b60","status_code":201}}
{"event_type":"execution_report","timestamp":"2026-05-19T18:14:58.6236824+05:30","execution":{"order_id":"831b8c6e-a0ab-4c7c-b53b-8b1c1c3addfc","symbol":"AAPL","side":"BUY","status":"filled","filled_qty":92,"leaves_qty":0,"price":879.54,"timestamp":"2026-05-19T12:44:58Z","match_id":"e36c3dfc-446c-4a70-a83e-289eccf29781"}}
{"event_type":"order_acked","timestamp":"2026-05-19T18:14:58.6269669+05:30","order_acked":{"request_id":"11db603c-f21d-4acb-9adc-4fce4bad6ee1","status_code":201}}
{"event_type":"order_acked","timestamp":"2026-05-19T18:14:58.6306803+05:30","order_acked":{"request_id":"c805ca27-9add-4b40-9eb3-6826a24b3b8c","status_code":201}}
{"event_type":"order_acked","timestamp":"2026-05-19T18:14:58.6317432+05:30","order_acked":{"request_id":"956a7147-1d1a-44ee-b093-3e61d69eb1b4","status_code":201}}
{"event_type":"execution_report","timestamp":"2026-05-19T18:14:58.63463+05:30","execution":{"order_id":"57c5854c-70f5-420d-a2ff-2b6a5742ea0b","symbol":"AMZN","side":"BUY","status":"filled","filled_qty":35,"leaves_qty":0,"price":151.17,"timestamp":"2026-05-19T12:44:58Z","match_id":"416de8af-e157-4d2e-93c6-e4d9db66e365"}}
{"event_type":"order_acked","timestamp":"2026-05-19T18:14:58.6372846+05:30","order_acked":{"request_id":"e7a963dd-8cff-47d2-881d-1054ca640ea2","status_code":201}}
{"event_type":"execution_report","timestamp":"2026-05-19T18:14:58.6394363+05:30","execution":{"order_id":"efebb6ba-e67f-4c7d-8a4c-88f19455d00e","symbol":"GOOG","side":"BUY","status":"filled","filled_qty":90,"leaves_qty":0,"price":355.96,"timestamp":"2026-05-19T12:44:58Z","match_id":"c0213085-f980-417c-a516-c0731c2a1c31"}}
{"event_type":"order_acked","timestamp":"2026-05-19T18:14:58.6405388+05:30","order_acked":{"request_id":"205984f7-cfa1-4d53-901a-57641d34b40c","status_code":201}}
{"event_type":"order_acked","timestamp":"2026-05-19T18:14:58.64164+05:30","order_acked":{"request_id":"5c6fc04f-78bc-46d9-bf5c-31fc3c68b676","status_code":201}}
{"event_type":"execution_report","timestamp":"2026-05-19T18:14:58.6427493+05:30","execution":{"order_id":"39efd627-b051-41c7-ab3c-74cb007b741f","symbol":"AMZN","side":"BUY","status":"filled","filled_qty":10,"leaves_qty":0,"price":995.68,"timestamp":"2026-05-19T12:44:58Z","match_id":"f311e80d-883c-46fe-9f89-54f2387b5bed"}}
{"event_type":"execution_report","timestamp":"2026-05-19T18:14:58.6427493+05:30","execution":{"order_id":"ec0c173b-047f-401d-aeac-7c780039fe79","symbol":"AAPL","side":"SELL","status":"filled","filled_qty":63,"leaves_qty":0,"price":836.64,"timestamp":"2026-05-19T12:44:58Z","match_id":"03ffaaf0-be3b-4cac-951a-f74f8919d77a"}}
{"event_type":"order_acked","timestamp":"2026-05-19T18:14:58.6460262+05:30","order_acked":{"request_id":"1a9b2f62-819c-4293-997b-cb6f1b6ff98b","status_code":201}}
{"event_type":"order_acked","timestamp":"2026-05-19T18:14:58.6476749+05:30","order_acked":{"request_id":"382774ff-b49c-4fd4-90c1-9cb5af31bb59","status_code":201}}
{"event_type":"order_acked","timestamp":"2026-05-19T18:14:58.6493535+05:30","order_acked":{"request_id":"4e0aa855-f519-4162-b15b-a06f19bcb3ff","status_code":201}}
{"event_type":"order_acked","timestamp":"2026-05-19T18:14:58.6504811+05:30","order_acked":{"request_id":"a0e45932-1e67-4376-9637-6f542ffdea7d","status_code":201}}
{"event_type":"execution_report","timestamp":"2026-05-19T18:14:58.6510303+05:30","execution":{"order_id":"cc5e2d71-e343-483e-89e6-921445fcb6e3","symbol":"AMZN","side":"BUY","status":"filled","filled_qty":97,"leaves_qty":0,"price":282.16,"timestamp":"2026-05-19T12:44:58Z","match_id":"b2f61150-d751-44aa-9e01-18632707f514"}}
{"event_type":"execution_report","timestamp":"2026-05-19T18:14:58.6521286+05:30","execution":{"order_id":"c22b84ca-5867-4e27-bbfb-ade80e9f4700","symbol":"TSLA","side":"SELL","status":"filled","filled_qty":22,"leaves_qty":0,"price":200.97,"timestamp":"2026-05-19T12:44:58Z","match_id":"81920d91-c86c-43c2-a181-743d5de0a54d"}}
{"event_type":"order_acked","timestamp":"2026-05-19T18:14:58.6553657+05:30","order_acked":{"request_id":"72a13904-91bb-43c9-a9d5-ffc0c0b141e2","status_code":200}}
{"event_type":"execution_report","timestamp":"2026-05-19T18:14:58.6558878+05:30","execution":{"order_id":"416f7c22-19cf-47ca-9311-275df059d4b7","symbol":"MSFT","side":"SELL","status":"filled","filled_qty":90,"leaves_qty":0,"price":147.68,"timestamp":"2026-05-19T12:44:58Z","match_id":"f2403ae1-438b-400e-8438-b9d3ee7d4b6e"}}
{"event_type":"order_acked","timestamp":"2026-05-19T18:14:58.6580589+05:30","order_acked":{"request_id":"19925e86-3f82-4087-91ff-0c38e4f20cbf","status_code":201}}
{"event_type":"order_acked","timestamp":"2026-05-19T18:14:58.6612431+05:30","order_acked":{"request_id":"b0ce07ff-09c6-4132-9b8b-2b3699f6c880","status_code":201}}
{"event_type":"order_acked","timestamp":"2026-05-19T18:14:58.6644964+05:30","order_acked":{"request_id":"8c1f3182-cab1-4e5b-ab1b-50140ca1fa2b","status_code":201}}
{"event_type":"execution_report","timestamp":"2026-05-19T18:14:58.6661327+05:30","execution":{"order_id":"7a6f32ae-d7da-4255-9817-9903b83c77f9","symbol":"TSLA","side":"BUY","status":"filled","filled_qty":58,"leaves_qty":0,"price":518.69,"timestamp":"2026-05-19T12:44:58Z","match_id":"e0ea0704-3aed-488d-8c76-47ab6b1940f1"}}
{"event_type":"order_acked","timestamp":"2026-05-19T18:14:58.6687778+05:30","order_acked":{"request_id":"110caef5-8664-4954-8e08-674357ae5950","status_code":200}}
{"event_type":"order_acked","timestamp":"2026-05-19T18:14:58.6693003+05:30","order_acked":{"request_id":"2852a68e-d875-4879-8fb2-ebe92f2592d5","status_code":201}}
{"event_type":"order_acked","timestamp":"2026-05-19T18:14:58.6709815+05:30","order_acked":{"request_id":"ae8daab2-240c-496a-9a9c-bf4d584947ad","status_code":200}}
{"event_type":"execution_report","timestamp":"2026-05-19T18:14:58.6715336+05:30","execution":{"order_id":"7d112593-fef0-44aa-ad70-55a2ad0aadb7","symbol":"MSFT","side":"SELL","status":"filled","filled_qty":96,"leaves_qty":0,"price":224.89,"timestamp":"2026-05-19T12:44:58Z","match_id":"5a1c2aad-0cca-4182-a622-7d767158fd13"}}
