{"event_type":"order_sent","timestamp":"2026-05-19T19:24:16.0324173+05:30","order_sent":{"request_id":"6765e3a7-a190-4266-8fbe-0fb7f3f46860","order_id":"","type":"MARKET","symbol":"GOOG","side":"SELL","quantity":16}}
{"event_type":"order_sent","timestamp":"2026-05-19T19:24:16.0329429+05:30","order_sent":{"request_id":"d57a56bf-2941-4a85-9006-c36f6cfaa2a4","order_id":"","type":"MARKET","symbol":"MSFT","side":"SELL","quantity":32}}
{"event_type":"order_sent","timestamp":"2026-05-19T19:24:16.0329429+05:30","order_sent":{"request_id":"a0a1b954-79bf-47ca-aaca-84ff5f4f3a74","order_id":"","type":"LIMIT","symbol":"AAPL","side":"SELL","price":348.77,"quantity":83}}
{"event_type":"order_sent","timestamp":"2026-05-19T19:24:16.0329429+05:30","order_sent":{"request_id":"c807f4f7-7be1-442c-9bd8-c5b83b28380a","order_id":"ord-3290128655426060946","type":"CANCEL","symbol":"","side":""}}
{"event_type":"order_sent","timestamp":"2026-05-19T19:24:16.0329429+05:30","order_sent":{"request_id":"1f6f51c7-35fc-4bc9-8cbb-e44ace5fe082","order_id":"","type":"LIMIT","symbol":"GOOG","side":"BUY","price":544.11,"quantity":44}}
{"event_type":"order_sent","timestamp":"2026-05-19T19:24:16.037282+05:30","order_sent":{"request_id":"b233a106-9c9f-4c8d-88f0-04204168dbd7","order_id":"","type":"LIMIT","symbol":"GOOG","side":"BUY","price":416.96,"quantity":94}}
{"event_type":"order_sent","timestamp":"2026-05-19T19:24:16.037282+05:30","order_sent":{"request_id":"fbca0c30-35ea-4b81-94ff-d283f5115479","order_id":"","type":"MARKET","symbol":"TSLA","side":"BUY","quantity":34}}
{"event_type":"order_sent","timestamp":"2026-05-19T19:24:16.0388941+05:30","order_sent":{"request_id":"479eb527-fb47-4550-90d4-da0c54718cff","order_id":"ord-8142409391996396347","type":"CANCEL","symbol":"","side":""}}
{"event_type":"order_sent","timestamp":"2026-05-19T19:24:16.0324173+05:30","order_sent":{"request_id":"ef370dab-f271-429b-b7c1-e3758fdaf785","order_id":"ord-7801660341119307266","type":"CANCEL","symbol":"","side":""}}
{"event_type":"order_sent","timestamp":"2026-05-19T19:24:16.0324173+05:30","order_sent":{"request_id":"4db2496e-b7de-471d-99c0-63328aaabade","order_id":"","type":"LIMIT","symbol":"AAPL","side":"BUY","price":779.77,"quantity":59}}
{"event_type":"order_sent","timestamp":"2026-05-19T19:24:16.037282+05:30","order_sent":{"request_id":"3967607b-7913-4c0e-a630-222f65b9c103","order_id":"","type":"LIMIT","symbol":"TSLA","side":"BUY","price":673.87,"quantity":55}}
{"event_type":"order_sent","timestamp":"2026-05-19T19:24:16.0324173+05:30","order_sent":{"request_id":"a253734e-95a2-444e-a904-9d85f2e7cfbc","order_id":"","type":"LIMIT","symbol":"GOOG","side":"SELL","price":749.3,"quantity":36}}
{"event_type":"order_sent","timestamp":"2026-05-19T19:24:16.0324173+05:30","order_sent":{"request_id":"a8a4739b-33cd-4d93-85fa-947e2f61042d","order_id":"","type":"LIMIT","symbol":"GOOG","side":"SELL","price":391.99,"quantity":40}}
{"event_type":"order_sent","timestamp":"2026-05-19T19:24:16.0324173+05:30","order_sent":{"request_id":"18c83cb2-2b20-4a3a-b192-e1983ffa6838","order_id":"ord-8250773953009359843","type":"CANCEL","symbol":"","side":""}}
{"event_type":"order_sent","timestamp":"2026-05-19T19:24:16.0324173+05:30","order_sent":{"request_id":"17a4da13-eeaf-43ff-9716-4cf6f8c93324","order_id":"","type":"MARKET","symbol":"AAPL","side":"SELL","quantity":6}}
{"event_type":"order_sent","timestamp":"2026-05-19T19:24:16.0324173+05:30","order_sent":{"request_id":"5c659367-8ecb-4f0c-88ae-0a5ce07c717e","order_id":"","type":"MARKET","symbol":"TSLA","side":"BUY","quantity":17}}
{"event_type":"order_sent","timestamp":"2026-05-19T19:24:16.0324173+05:30","order_sent":{"request_id":"1b017742-b039-4e6e-a995-2f97a3c82416","order_id":"","type":"LIMIT","symbol":"AAPL","side":"SELL","price":126.28,"quantity":98}}
{"event_type":"order_sent","timestamp":"2026-05-19T19:24:16.0324173+05:30","order_sent":{"request_id":"ab69dd1b-6eaf-41c9-9859-f964402b6966","order_id":"ord-2759196052495404645","type":"CANCEL","symbol":"","side":""}}
{"event_type":"order_sent","timestamp":"2026-05-19T19:24:16.0329429+05:30","order_sent":{"request_id":"b09c228e-1ade-468f-8b65-6282bcb0db43","order_id":"","type":"LIMIT","symbol":"TSLA","side":"BUY","price":914.92,"quantity":42}}
{"event_type":"order_sent","timestamp":"2026-05-19T19:24:16.0329429+05:30","order_sent":{"request_id":"4ced8405-f663-490b-9371-8d62ffe11c40","order_id":"","type":"LIMIT","symbol":"GOOG","side":"SELL","price":297.73,"quantity":68}}
{"event_type":"order_sent","timestamp":"2026-05-19T19:24:16.0329429+05:30","order_sent":{"request_id":"ade6ff6c-10f2-4338-b0e8-e1bfd8c0f76e","order_id":"","type":"LIMIT","symbol":"AMZN","side":"SELL","price":912.14,"quantity":94}}
{"event_type":"order_sent","timestamp":"2026-05-19T19:24:16.0329429+05:30","order_sent":{"request_id":"e2b93097-1542-47c6-ad0e-77d021b23e83","order_id":"","type":"LIMIT","symbol":"AAPL","side":"SELL","price":194.93,"quantity":63}}
{"event_type":"order_sent","timestamp":"2026-05-19T19:24:16.0329429+05:30","order_sent":{"request_id":"53a7df13-b2b1-48b0-b5b6-b1419129f824","order_id":"","type":"MARKET","symbol":"MSFT","side":"SELL","quantity":5}}
{"event_type":"order_sent","timestamp":"2026-05-19T19:24:16.0329429+05:30","order_sent":{"request_id":"3b5e1d95-92e6-40dd-ac5a-ccd8ca0b3de3","order_id":"","type":"LIMIT","symbol":"AMZN","side":"BUY","price":139.85,"quantity":53}}
{"event_type":"order_sent","timestamp":"2026-05-19T19:24:16.0329429+05:30","order_sent":{"request_id":"85d38f8f-bab1-4676-aff1-8a21e7a7238b","order_id":"","type":"MARKET","symbol":"MSFT","side":"BUY","quantity":42}}
{"event_type":"order_sent","timestamp":"2026-05-19T19:24:16.0329429+05:30","order_sent":{"request_id":"580a9928-2e12-4f12-9470-13d185fcd2af","order_id":"","type":"LIMIT","symbol":"MSFT","side":"BUY","price":512.41,"quantity":28}}
{"event_type":"order_sent","timestamp":"2026-05-19T19:24:16.0329429+05:30","order_sent":{"request_id":"90408936-8321-4f49-a46d-55729dfae08b","order_id":"","type":"LIMIT","symbol":"AAPL","side":"BUY","price":999.36,"quantity":38}}
{"event_type":"order_sent","timestamp":"2026-05-19T19:24:16.0329429+05:30","order_sent":{"request_id":"2a3baf91-c6d1-460d-a470-a51d8f6bbfc5","order_id":"","type":"MARKET","symbol":"TSLA","side":"SELL","quantity":24}}
{"event_type":"order_sent","timestamp":"2026-05-19T19:24:16.0329429+05:30","order_sent":{"request_id":"07c8d3e6-57df-4fe7-9867-89dac2a1fb7a","order_id":"","type":"LIMIT","symbol":"MSFT","side":"SELL","price":728.4,"quantity":64}}
{"event_type":"order_sent","timestamp":"2026-05-19T19:24:16.0329429+05:30","order_sent":{"request_id":"7ac86c2f-6603-457a-9757-9fdaac4df8db","order_id":"","type":"MARKET","symbol":"MSFT","side":"SELL","quantity":46}}
{"event_type":"order_sent","timestamp":"2026-05-19T19:24:16.0329429+05:30","order_sent":{"request_id":"552a4d52-a522-4c44-ae86-ec3a29a28717","order_id":"ord-4177674844732907137","type":"CANCEL","symbol":"","side":""}}
{"event_type":"order_sent","timestamp":"2026-05-19T19:24:16.0329429+05:30","order_sent":{"request_id":"0156c210-de70-42ae-bd27-b30f280710e0","order_id":"","type":"LIMIT","symbol":"TSLA","side":"SELL","price":834.78,"quantity":25}}
{"event_type":"order_sent","timestamp":"2026-05-19T19:24:16.0329429+05:30","order_sent":{"request_id":"8ddbc722-1dfb-4fba-a378-d65659c82ba9","order_id":"","type":"LIMIT","symbol":"AAPL","side":"BUY","price":116.46,"quantity":44}}
{"event_type":"order_sent","timestamp":"2026-05-19T19:24:16.0329429+05:30","order_sent":{"request_id":"90e40fee-6fc7-4818-b0fe-3d070b3ca022","order_id":"ord-4893932554225592064","type":"CANCEL","symbol":"","side":""}}
{"event_type":"order_sent","timestamp":"2026-05-19T19:24:16.0329429+05:30","order_sent":{"request_id":"a70f865f-b577-4998-85c9-c9fe0a2b98d3","order_id":"","type":"MARKET","symbol":"AAPL","side":"BUY","quantity":7}}
{"event_type":"order_sent","timestamp":"2026-05-19T19:24:16.0329429+05:30","order_sent":{"request_id":"ec07a024-5d0c-4eeb-89ad-22b43d8a05f8","order_id":"","type":"LIMIT","symbol":"GOOG","side":"SELL","price":808.82,"quantity":13}}
{"event_type":"order_sent","timestamp":"2026-05-19T19:24:16.0346696+05:30","order_sent":{"request_id":"0510d1df-7953-417a-a12a-58f3a2b4a5eb","order_id":"","type":"MARKET","symbol":"AMZN","side":"BUY","quantity":23}}
{"event_type":"order_sent","timestamp":"2026-05-19T19:24:16.0346696+05:30","order_sent":{"request_id":"ce7859c0-0601-4875-a36d-f0b3702c6534","order_id":"ord-4695257755437626066","type":"CANCEL","symbol":"","side":""}}
{"event_type":"order_sent","timestamp":"2026-05-19T19:24:16.0329429+05:30","order_sent":{"request_id":"16709ce5-4ba2-462d-b770-57b5f85ef2e1","order_id":"ord-4166104342744497616","type":"CANCEL","symbol":"","side":""}}
{"event_type":"order_sent","timestamp":"2026-05-19T19:24:16.0351921+05:30","order_sent":{"request_id":"693e7ff6-a619-4db4-8ffa-6f9693fdd2dd","order_id":"ord-5381467269484254717","type":"CANCEL","symbol":"","side":""}}
{"event_type":"order_sent","timestamp":"2026-05-19T19:24:16.0357107+05:30","order_sent":{"request_id":"eac3f844-fec8-4c4d-8213-10d61b492c28","order_id":"","type":"LIMIT","symbol":"AAPL","side":"SELL","price":257.05,"quantity":57}}
{"event_type":"order_sent","timestamp":"2026-05-19T19:24:16.0357107+05:30","order_sent":{"request_id":"6c5fb28d-ae27-4e63-85ef-d5c2de2d48eb","order_id":"","type":"MARKET","symbol":"AAPL","side":"SELL","quantity":25}}
{"event_type":"order_sent","timestamp":"2026-05-19T19:24:16.0357107+05:30","order_sent":{"request_id":"7cc6b988-7104-4fde-95bd-b75396b67179","order_id":"","type":"LIMIT","symbol":"AAPL","side":"SELL","price":226.74,"quantity":25}}
{"event_type":"order_sent","timestamp":"2026-05-19T19:24:16.0357107+05:30","order_sent":{"request_id":"9da8b2cb-9f8a-477a-9c40-240b966e44b8","order_id":"ord-2968418336891001447","type":"CANCEL","symbol":"","side":""}}
{"event_type":"order_sent","timestamp":"2026-05-19T19:24:16.0357107+05:30","order_sent":{"request_id":"4b62373e-21de-4740-83b9-1c38fd6737ab","order_id":"","type":"LIMIT","symbol":"GOOG","side":"BUY","price":492.83,"quantity":31}}
{"event_type":"order_sent","timestamp":"2026-05-19T19:24:16.0357107+05:30","order_sent":{"request_id":"eca6402e-75df-4abe-9080-3d0f49b308ae","order_id":"","type":"LIMIT","symbol":"GOOG","side":"BUY","price":293.47,"quantity":21}}
{"event_type":"order_sent","timestamp":"2026-05-19T19:24:16.0357107+05:30","order_sent":{"request_id":"a68a2078-c81b-45ac-b7b4-755a9884c0b9","order_id":"","type":"LIMIT","symbol":"AAPL","side":"BUY","price":961.96,"quantity":75}}
{"event_type":"order_sent","timestamp":"2026-05-19T19:24:16.0362235+05:30","order_sent":{"request_id":"9553a07a-f1e9-4ad4-b4b9-20bef8f3d88d","order_id":"","type":"LIMIT","symbol":"GOOG","side":"BUY","price":927.9,"quantity":15}}
{"event_type":"order_sent","timestamp":"2026-05-19T19:24:16.0362235+05:30","order_sent":{"request_id":"daaae22f-40a9-470a-9d68-0b418a7799b4","order_id":"","type":"LIMIT","symbol":"GOOG","side":"SELL","price":727.01,"quantity":2}}
{"event_type":"order_sent","timestamp":"2026-05-19T19:24:16.0362235+05:30","order_sent":{"request_id":"00a4ec0d-0ecd-490c-b53a-8610b133b27d","order_id":"","type":"MARKET","symbol":"AAPL","side":"BUY","quantity":23}}
{"event_type":"order_sent","timestamp":"2026-05-19T19:24:16.0362235+05:30","order_sent":{"request_id":"2b60ed85-8015-48ff-8ca6-6d97ed4f7fd8","order_id":"","type":"LIMIT","symbol":"MSFT","side":"BUY","price":598.31,"quantity":23}}
{"event_type":"order_sent","timestamp":"2026-05-19T19:24:16.0362235+05:30","order_sent":{"request_id":"2fabbefc-4a5d-44aa-9be4-a596c5f3c8c6","order_id":"","type":"LIMIT","symbol":"AMZN","side":"BUY","price":337.99,"quantity":71}}
{"event_type":"order_sent","timestamp":"2026-05-19T19:24:16.0367513+05:30","order_sent":{"request_id":"59986ecf-ff98-4dfb-a172-b2980e5cfe4a","order_id":"","type":"LIMIT","symbol":"AAPL","side":"SELL","price":439.24,"quantity":90}}
{"event_type":"order_sent","timestamp":"2026-05-19T19:24:16.0362235+05:30","order_sent":{"request_id":"6312ae1b-5c25-4588-af3b-30bafe693f1d","order_id":"","type":"MARKET","symbol":"AMZN","side":"BUY","quantity":4}}
{"event_type":"order_sent","timestamp":"2026-05-19T19:24:16.0367513+05:30","order_sent":{"request_id":"44534110-20c9-4dc7-9e87-be51dad0e018","order_id":"","type":"LIMIT","symbol":"GOOG","side":"SELL","price":130.38,"quantity":17}}
{"event_type":"order_sent","timestamp":"2026-05-19T19:24:16.0324173+05:30","order_sent":{"request_id":"1ef1d165-1a6c-4d8c-a31f-f2ca31c434b4","order_id":"","type":"LIMIT","symbol":"AAPL","side":"BUY","price":116.34,"quantity":1}}
{"event_type":"order_sent","timestamp":"2026-05-19T19:24:16.0367513+05:30","order_sent":{"request_id":"b329bc59-bdf4-41ec-8771-ff403592db23","order_id":"","type":"LIMIT","symbol":"AAPL","side":"BUY","price":951.38,"quantity":12}}
{"event_type":"order_sent","timestamp":"2026-05-19T19:24:16.0367513+05:30","order_sent":{"request_id":"4947e965-a75a-413c-a94e-58f630092609","order_id":"","type":"LIMIT","symbol":"TSLA","side":"BUY","price":312.64,"quantity":35}}
{"event_type":"order_sent","timestamp":"2026-05-19T19:24:16.0362235+05:30","order_sent":{"request_id":"4a7f8373-e565-4fe6-95a3-804ca1ea9067","order_id":"","type":"MARKET","symbol":"TSLA","side":"BUY","quantity":5}}
{"event_type":"order_sent","timestamp":"2026-05-19T19:24:16.0367513+05:30","order_sent":{"request_id":"4200856e-e2bf-41f8-a359-319f9cd2c7a4","order_id":"","type":"MARKET","symbol":"AAPL","side":"SELL","quantity":22}}
{"event_type":"order_sent","timestamp":"2026-05-19T19:24:16.0367513+05:30","order_sent":{"request_id":"196645f6-db36-47e1-a0d6-3acacee1ae98","order_id":"","type":"LIMIT","symbol":"AMZN","side":"SELL","price":375.9,"quantity":17}}
{"event_type":"order_sent","timestamp":"2026-05-19T19:24:16.0367513+05:30","order_sent":{"request_id":"293f243e-f43a-4c1f-a061-9ec3d9dec7e8","order_id":"","type":"MARKET","symbol":"AMZN","side":"BUY","quantity":48}}
{"event_type":"order_sent","timestamp":"2026-05-19T19:24:16.0367513+05:30","order_sent":{"request_id":"e78cbcd4-9240-4943-8038-d3093d0b2e9f","order_id":"","type":"MARKET","symbol":"GOOG","side":"BUY","quantity":5}}
{"event_type":"order_sent","timestamp":"2026-05-19T19:24:16.0367513+05:30","order_sent":{"request_id":"c5bd3334-6d3b-48dd-8200-a9833ffd91a4","order_id":"","type":"MARKET","symbol":"MSFT","side":"BUY","quantity":18}}
{"event_type":"order_sent","timestamp":"2026-05-19T19:24:16.0367513+05:30","order_sent":{"request_id":"f6effbc5-5e6e-4b4c-94aa-a3e6aadf3a47","order_id":"","type":"LIMIT","symbol":"AAPL","side":"BUY","price":627,"quantity":100}}
{"event_type":"order_sent","timestamp":"2026-05-19T19:24:16.0367513+05:30","order_sent":{"request_id":"63dbfc4c-5ef6-4283-a25d-d7368eb4ee1a","order_id":"","type":"LIMIT","symbol":"AAPL","side":"SELL","price":509.6,"quantity":26}}
{"event_type":"order_sent","timestamp":"2026-05-19T19:24:16.0362235+05:30","order_sent":{"request_id":"83d95cc3-9235-4395-bd0d-ceb385cf822b","order_id":"","type":"LIMIT","symbol":"AMZN","side":"SELL","price":164.68,"quantity":50}}
{"event_type":"order_sent","timestamp":"2026-05-19T19:24:16.0367513+05:30","order_sent":{"request_id":"fa9f357d-475f-41f6-9ac1-5455d6511519","order_id":"ord-2610466036474697092","type":"CANCEL","symbol":"","side":""}}
{"event_type":"order_sent","timestamp":"2026-05-19T19:24:16.0367513+05:30","order_sent":{"request_id":"9974ada6-5de3-4f4a-a9a5-72c302c49742","order_id":"","type":"LIMIT","symbol":"GOOG","side":"BUY","price":571.26,"quantity":77}}
{"event_type":"order_sent","timestamp":"2026-05-19T19:24:16.037282+05:30","order_sent":{"request_id":"69319787-7a49-42cf-a514-b028a879c0ad","order_id":"","type":"LIMIT","symbol":"GOOG","side":"BUY","price":393.14,"quantity":24}}
{"event_type":"order_sent","timestamp":"2026-05-19T19:24:16.037282+05:30","order_sent":{"request_id":"608a81ed-f901-47ae-9745-87838376ce7a","order_id":"","type":"MARKET","symbol":"MSFT","side":"SELL","quantity":25}}
{"event_type":"order_sent","timestamp":"2026-05-19T19:24:16.037282+05:30","order_sent":{"request_id":"8b47083f-9a99-47c4-96eb-719707ec720b","order_id":"","type":"LIMIT","symbol":"AMZN","side":"SELL","price":648.54,"quantity":13}}
{"event_type":"order_sent","timestamp":"2026-05-19T19:24:16.0362235+05:30","order_sent":{"request_id":"e0715200-bec5-42c6-ab54-f4056cb42543","order_id":"","type":"MARKET","symbol":"AMZN","side":"BUY","quantity":21}}
{"event_type":"order_sent","timestamp":"2026-05-19T19:24:16.037282+05:30","order_sent":{"request_id":"98eba5bf-96f8-40be-ad35-95be24d8378d","order_id":"","type":"MARKET","symbol":"MSFT","side":"BUY","quantity":33}}
{"event_type":"order_sent","timestamp":"2026-05-19T19:24:16.037282+05:30","order_sent":{"request_id":"b8eb6f23-dea1-4612-b2bd-2e2ceb046d55","order_id":"","type":"MARKET","symbol":"MSFT","side":"SELL","quantity":8}}
{"event_type":"order_sent","timestamp":"2026-05-19T19:24:16.037282+05:30","order_sent":{"request_id":"b960c9cb-d047-46ed-bf7d-1d157ae342f8","order_id":"ord-7998327029838776505","type":"CANCEL","symbol":"","side":""}}
{"event_type":"order_sent","timestamp":"2026-05-19T19:24:16.037282+05:30","order_sent":{"request_id":"206f2bd4-f58d-428d-a9b7-3376c6ae943e","order_id":"ord-4620229118949550307","type":"CANCEL","symbol":"","side":""}}
{"event_type":"order_sent","timestamp":"2026-05-19T19:24:16.037282+05:30","order_sent":{"request_id":"1f0d1d8b-fab1-4200-80c7-d313390e6275","order_id":"ord-7136558738432363392","type":"CANCEL","symbol":"","side":""}}
{"event_type":"order_sent","timestamp":"2026-05-19T19:24:16.037282+05:30","order_sent":{"request_id":"707db90b-bf2e-4340-bd8e-5659d4e4e92a","order_id":"","type":"LIMIT","symbol":"AMZN","side":"BUY","price":470.39,"quantity":30}}
{"event_type":"order_sent","timestamp":"2026-05-19T19:24:16.037282+05:30","order_sent":{"request_id":"d9c94133-00d4-45fe-8a6d-a13e84a337c2","order_id":"","type":"MARKET","symbol":"MSFT","side":"BUY","quantity":30}}
{"event_type":"order_sent","timestamp":"2026-05-19T19:24:16.037282+05:30","order_sent":{"request_id":"8a99f92e-0db9-44f2-a581-9da25d5a4a91","order_id":"","type":"MARKET","symbol":"TSLA","side":"SELL","quantity":40}}
{"event_type":"order_sent","timestamp":"2026-05-19T19:24:16.037282+05:30","order_sent":{"request_id":"e2e69079-7a64-4876-b5e1-be94cb1688b5","order_id":"","type":"MARKET","symbol":"AAPL","side":"SELL","quantity":34}}
{"event_type":"order_sent","timestamp":"2026-05-19T19:24:16.037282+05:30","order_sent":{"request_id":"e9b43b70-ed0e-491a-a97d-f10e40554aac","order_id":"ord-5278201742310814753","type":"CANCEL","symbol":"","side":""}}
{"event_type":"order_sent","timestamp":"2026-05-19T19:24:16.037282+05:30","order_sent":{"request_id":"180f9af7-7376-4b4e-8662-6bc897017da0","order_id":"","type":"MARKET","symbol":"TSLA","side":"SELL","quantity":28}}
{"event_type":"order_sent","timestamp":"2026-05-19T19:24:16.0378158+05:30","order_sent":{"request_id":"4c5d096c-21d4-447d-b8be-d893e030a4cf","order_id":"","type":"LIMIT","symbol":"AAPL","side":"BUY","price":507.7,"quantity":85}}
{"event_type":"order_sent","timestamp":"2026-05-19T19:24:16.037282+05:30","order_sent":{"request_id":"5403ed8a-052b-4427-a366-85dd124f1771","order_id":"","type":"LIMIT","symbol":"AAPL","side":"SELL","price":960.75,"quantity":9}}
{"event_type":"order_sent","timestamp":"2026-05-19T19:24:16.0367513+05:30","order_sent":{"request_id":"ca6add9e-0986-4cb2-902b-070e46e06e20","order_id":"","type":"LIMIT","symbol":"GOOG","side":"BUY","price":760.59,"quantity":31}}
{"event_type":"order_sent","timestamp":"2026-05-19T19:24:16.0383615+05:30","order_sent":{"request_id":"ae671920-05ba-4a6f-98a6-ba144bde43e7","order_id":"ord-7368195052134038693","type":"CANCEL","symbol":"","side":""}}
{"event_type":"order_sent","timestamp":"2026-05-19T19:24:16.037282+05:30","order_sent":{"request_id":"03bf37d2-3bc9-4e57-bfd0-38bbd7309b26","order_id":"","type":"MARKET","symbol":"MSFT","side":"BUY","quantity":13}}
{"event_type":"order_sent","timestamp":"2026-05-19T19:24:16.0383615+05:30","order_sent":{"request_id":"65a88b76-b3de-4033-87c1-fa27f781f560","order_id":"ord-2016054372229869499","type":"CANCEL","symbol":"","side":""}}
{"event_type":"order_sent","timestamp":"2026-05-19T19:24:16.0383615+05:30","order_sent":{"request_id":"e5c1ea01-977e-4b19-a564-66f9eff07bbd","order_id":"ord-8968932816745186992","type":"CANCEL","symbol":"","side":""}}
{"event_type":"order_sent","timestamp":"2026-05-19T19:24:16.0383615+05:30","order_sent":{"request_id":"292e327e-b010-42b5-a0ab-94f6a013425b","order_id":"","type":"LIMIT","symbol":"GOOG","side":"SELL","price":845.17,"quantity":55}}
{"event_type":"order_sent","timestamp":"2026-05-19T19:24:16.0383615+05:30","order_sent":{"request_id":"5883ea5e-ee42-4fa0-8ec1-9467305b5f0e","order_id":"ord-7176407522053135063","type":"CANCEL","symbol":"","side":""}}
{"event_type":"order_sent","timestamp":"2026-05-19T19:24:16.0383615+05:30","order_sent":{"request_id":"2fcc956f-65e1-4da7-8735-3ff3004fb4d3","order_id":"ord-9146273517313005201","type":"CANCEL","symbol":"","side":""}}
{"event_type":"order_sent","timestamp":"2026-05-19T19:24:16.037282+05:30","order_sent":{"request_id":"a39d212d-f9e4-4a64-a151-ed9780675b20","order_id":"","type":"LIMIT","symbol":"AAPL","side":"BUY","price":776.83,"quantity":97}}
{"event_type":"order_sent","timestamp":"2026-05-19T19:24:16.0378158+05:30","order_sent":{"request_id":"cfd92395-0f87-4b47-aa8f-2a2629a4b326","order_id":"","type":"LIMIT","symbol":"AMZN","side":"BUY","price":632.21,"quantity":52}}
{"event_type":"order_sent","timestamp":"2026-05-19T19:24:16.0378158+05:30","order_sent":{"request_id":"02bb0f8d-b269-4101-bc3f-0f4ae6651b74","order_id":"","type":"LIMIT","symbol":"GOOG","side":"SELL","price":556.81,"quantity":40}}
{"event_type":"order_sent","timestamp":"2026-05-19T19:24:16.037282+05:30","order_sent":{"request_id":"f773e0b0-33e0-4c54-b3a4-120d96561745","order_id":"","type":"LIMIT","symbol":"AAPL","side":"BUY","price":278.42,"quantity":70}}
{"event_type":"order_sent","timestamp":"2026-05-19T19:24:16.0383615+05:30","order_sent":{"request_id":"09fd2c57-95fd-469b-bf16-7cc3e8ea850f","order_id":"","type":"MARKET","symbol":"MSFT","side":"BUY","quantity":5}}
{"event_type":"order_sent","timestamp":"2026-05-19T19:24:16.0383615+05:30","order_sent":{"request_id":"31a3220a-647e-45ae-9513-164a3cdd1fe1","order_id":"","type":"MARKET","symbol":"GOOG","side":"SELL","quantity":41}}
{"event_type":"order_acked","timestamp":"2026-05-19T19:24:16.0606884+05:30","order_acked":{"request_id":"d57a56bf-2941-4a85-9006-c36f6cfaa2a4","status_code":201}}
{"event_type":"order_acked","timestamp":"2026-05-19T19:24:16.0658592+05:30","order_acked":{"request_id":"c807f4f7-7be1-442c-9bd8-c5b83b28380a","status_code":200}}
{"event_type":"order_acked","timestamp":"2026-05-19T19:24:16.0798276+05:30","order_acked":{"request_id":"6765e3a7-a190-4266-8fbe-0fb7f3f46860","status_code":201}}
{"event_type":"order_acked","timestamp":"2026-05-19T19:24:16.0863935+05:30","order_acked":{"request_id":"a0a1b954-79bf-47ca-aaca-84ff5f4f3a74","status_code":201}}
{"event_type":"execution_report","timestamp":"2026-05-19T19:24:16.1000301+05:30","execution":{"order_id":"81894547-0fee-4c53-873d-379ddaff3372","symbol":"AAPL","side":"SELL","status":"filled","filled_qty":83,"leaves_qty":0,"price":348.77,"timestamp":"2026-05-19T13:54:16Z","match_id":"5a898866-370a-4d92-a565-70b0344f9314"}}
{"event_type":"execution_report","timestamp":"2026-05-19T19:24:16.1010943+05:30","execution":{"order_id":"fca76596-1ece-4d5f-b2ca-6bedd7b35ec6","symbol":"GOOG","side":"BUY","status":"filled","filled_qty":44,"leaves_qty":0,"price":544.11,"timestamp":"2026-05-19T13:54:16Z","match_id":"aa8da213-d9d4-48c0-a80c-a96ccb327b62"}}
{"event_type":"order_acked","timestamp":"2026-05-19T19:24:16.1031422+05:30","order_acked":{"request_id":"1f6f51c7-35fc-4bc9-8cbb-e44ace5fe082","status_code":201}}
{"event_type":"order_acked","timestamp":"2026-05-19T19:24:16.1096623+05:30","order_acked":{"request_id":"ef370dab-f271-429b-b7c1-e3758fdaf785","status_code":200}}
{"event_type":"execution_report","timestamp":"2026-05-19T19:24:16.1140017+05:30","execution":{"order_id":"5cfb66bc-782b-43cd-a388-f0dbad787017","symbol":"TSLA","side":"BUY","status":"filled","filled_qty":55,"leaves_qty":0,"price":673.87,"timestamp":"2026-05-19T13:54:16Z","match_id":"cccf497d-8b8f-440b-bfef-d0f0fe3c2ade"}}
{"event_type":"order_acked","timestamp":"2026-05-19T19:24:16.1168759+05:30","order_acked":{"request_id":"b233a106-9c9f-4c8d-88f0-04204168dbd7","status_code":201}}
{"event_type":"execution_report","timestamp":"2026-05-19T19:24:16.1174087+05:30","execution":{"order_id":"1341c5d3-7c64-4a7b-8cf0-b982ae46e7c4","symbol":"AAPL","side":"BUY","status":"filled","filled_qty":59,"leaves_qty":0,"price":779.77,"timestamp":"2026-05-19T13:54:16Z","match_id":"2e36a0b8-beef-48f3-8211-66445fbe90ad"}}
{"event_type":"execution_report","timestamp":"2026-05-19T19:24:16.1228785+05:30","execution":{"order_id":"0bb16f8a-63bb-4de1-a95c-4fc16e702027","symbol":"GOOG","side":"BUY","status":"filled","filled_qty":94,"leaves_qty":0,"price":416.96,"timestamp":"2026-05-19T13:54:16Z","match_id":"f6f9adc6-0b50-409a-ac6c-67884479c466"}}
{"event_type":"order_acked","timestamp":"2026-05-19T19:24:16.1234256+05:30","order_acked":{"request_id":"3967607b-7913-4c0e-a630-222f65b9c103","status_code":201}}
{"event_type":"order_acked","timestamp":"2026-05-19T19:24:16.1263688+05:30","order_acked":{"request_id":"fbca0c30-35ea-4b81-94ff-d283f5115479","status_code":201}}
{"event_type":"order_acked","timestamp":"2026-05-19T19:24:16.1263688+05:30","order_acked":{"request_id":"4db2496e-b7de-471d-99c0-63328aaabade","status_code":201}}
{"event_type":"order_acked","timestamp":"2026-05-19T19:24:16.128111+05:30","order_acked":{"request_id":"18c83cb2-2b20-4a3a-b192-e1983ffa6838","status_code":200}}
{"event_type":"order_acked","timestamp":"2026-05-19T19:24:16.1324657+05:30","order_acked":{"request_id":"479eb527-fb47-4550-90d4-da0c54718cff","status_code":200}}
{"event_type":"order_acked","timestamp":"2026-05-19T19:24:16.1351664+05:30","order_acked":{"request_id":"608a81ed-f901-47ae-9745-87838376ce7a","status_code":201}}
{"event_type":"order_acked","timestamp":"2026-05-19T19:24:16.145717+05:30","order_acked":{"request_id":"206f2bd4-f58d-428d-a9b7-3376c6ae943e","status_code":200}}
{"event_type":"order_acked","timestamp":"2026-05-19T19:24:16.1507148+05:30","order_acked":{"request_id":"a8a4739b-33cd-4d93-85fa-947e2f61042d","status_code":201}}
{"event_type":"order_acked","timestamp":"2026-05-19T19:24:16.1552823+05:30","order_acked":{"request_id":"65a88b76-b3de-4033-87c1-fa27f781f560","status_code":200}}
{"event_type":"execution_report","timestamp":"2026-05-19T19:24:16.1569731+05:30","execution":{"order_id":"0aa1590d-4fc7-4c0e-b25f-ad9402cd8173","symbol":"GOOG","side":"SELL","status":"filled","filled_qty":40,"leaves_qty":0,"price":391.99,"timestamp":"2026-05-19T13:54:16Z","match_id":"049d6271-e695-479c-9176-856d3cb5980a"}}
{"event_type":"order_acked","timestamp":"2026-05-19T19:24:16.1591929+05:30","order_acked":{"request_id":"2fcc956f-65e1-4da7-8735-3ff3004fb4d3","status_code":200}}
{"event_type":"order_acked","timestamp":"2026-05-19T19:24:16.1641507+05:30","order_acked":{"request_id":"f6effbc5-5e6e-4b4c-94aa-a3e6aadf3a47","status_code":201}}
{"event_type":"execution_report","timestamp":"2026-05-19T19:24:16.1647192+05:30","execution":{"order_id":"b6d698a9-39ac-46ed-b76d-81bf4855d05f","symbol":"AAPL","side":"BUY","status":"filled","filled_qty":100,"leaves_qty":0,"price":627,"timestamp":"2026-05-19T13:54:16Z","match_id":"0740e73f-de90-4dcc-8f16-d101c5aed566"}}
{"event_type":"order_acked","timestamp":"2026-05-19T19:24:16.1670546+05:30","order_acked":{"request_id":"292e327e-b010-42b5-a0ab-94f6a013425b","status_code":201}}
{"event_type":"execution_report","timestamp":"2026-05-19T19:24:16.1687832+05:30","execution":{"order_id":"7d365e25-65eb-4adc-931a-d5b16c643ff6","symbol":"GOOG","side":"SELL","status":"filled","filled_qty":55,"leaves_qty":0,"price":845.17,"timestamp":"2026-05-19T13:54:16Z","match_id":"32cdb71c-01b6-4172-bb0c-f299511581a3"}}
{"event_type":"order_acked","timestamp":"2026-05-19T19:24:16.1766147+05:30","order_acked":{"request_id":"ae671920-05ba-4a6f-98a6-ba144bde43e7","status_code":200}}
{"event_type":"order_acked","timestamp":"2026-05-19T19:24:16.1787554+05:30","order_acked":{"request_id":"a70f865f-b577-4998-85c9-c9fe0a2b98d3","status_code":201}}
{"event_type":"order_acked","timestamp":"2026-05-19T19:24:16.1848005+05:30","order_acked":{"request_id":"1b017742-b039-4e6e-a995-2f97a3c82416","status_code":201}}
{"event_type":"order_acked","timestamp":"2026-05-19T19:24:16.1892336+05:30","order_acked":{"request_id":"a253734e-95a2-444e-a904-9d85f2e7cfbc","status_code":201}}
{"event_type":"execution_report","timestamp":"2026-05-19T19:24:16.190346+05:30","execution":{"order_id":"f2091968-dd50-4a50-9dd7-2ffebb86b886","symbol":"AAPL","side":"SELL","status":"filled","filled_qty":98,"leaves_qty":0,"price":126.28,"timestamp":"2026-05-19T13:54:16Z","match_id":"6a7d5987-5cab-4db6-9834-43fb41b4a534"}}
{"event_type":"execution_report","timestamp":"2026-05-19T19:24:16.1987086+05:30","execution":{"order_id":"ca9bab7d-8beb-4b33-a13d-17cd66ef64fe","symbol":"GOOG","side":"SELL","status":"filled","filled_qty":36,"leaves_qty":0,"price":749.3,"timestamp":"2026-05-19T13:54:16Z","match_id":"f99d8b86-30a0-4387-b3cb-a412ff400957"}}
{"event_type":"order_acked","timestamp":"2026-05-19T19:24:16.1992418+05:30","order_acked":{"request_id":"69319787-7a49-42cf-a514-b028a879c0ad","status_code":201}}
{"event_type":"execution_report","timestamp":"2026-05-19T19:24:16.2003335+05:30","execution":{"order_id":"be284927-1a65-4976-8a16-55d8c0b69cd0","symbol":"GOOG","side":"BUY","status":"filled","filled_qty":24,"leaves_qty":0,"price":393.14,"timestamp":"2026-05-19T13:54:16Z","match_id":"19c505c1-fb80-404a-978e-cbd44d636f3a"}}
{"event_type":"order_acked","timestamp":"2026-05-19T19:24:16.2008921+05:30","order_acked":{"request_id":"b960c9cb-d047-46ed-bf7d-1d157ae342f8","status_code":200}}
{"event_type":"order_acked","timestamp":"2026-05-19T19:24:16.2138819+05:30","order_acked":{"request_id":"4200856e-e2bf-41f8-a359-319f9cd2c7a4","status_code":201}}
{"event_type":"order_acked","timestamp":"2026-05-19T19:24:16.2208531+05:30","order_acked":{"request_id":"03bf37d2-3bc9-4e57-bfd0-38bbd7309b26","status_code":201}}
{"event_type":"order_acked","timestamp":"2026-05-19T19:24:16.2657898+05:30","order_acked":{"request_id":"4c5d096c-21d4-447d-b8be-d893e030a4cf","status_code":201}}
{"event_type":"execution_report","timestamp":"2026-05-19T19:24:16.2738213+05:30","execution":{"order_id":"acad0a83-20da-47f7-ba6f-db5c06d39539","symbol":"AAPL","side":"BUY","status":"filled","filled_qty":97,"leaves_qty":0,"price":776.83,"timestamp":"2026-05-19T13:54:16Z","match_id":"b5ea9efa-90d6-4bff-a298-bc60c8a54a4a"}}
{"event_type":"execution_report","timestamp":"2026-05-19T19:24:16.2738213+05:30","execution":{"order_id":"7b34f53c-63a7-4f54-b9af-97e7a7464793","symbol":"AAPL","side":"BUY","status":"filled","filled_qty":85,"leaves_qty":0,"price":507.7,"timestamp":"2026-05-19T13:54:16Z","match_id":"f9ae8a45-e0b6-49b7-88a6-169d39d5f856"}}
{"event_type":"order_acked","timestamp":"2026-05-19T19:24:16.2814607+05:30","order_acked":{"request_id":"09fd2c57-95fd-469b-bf16-7cc3e8ea850f","status_code":201}}
{"event_type":"order_acked","timestamp":"2026-05-19T19:24:16.2866624+05:30","order_acked":{"request_id":"6c5fb28d-ae27-4e63-85ef-d5c2de2d48eb","status_code":201}}
{"event_type":"order_acked","timestamp":"2026-05-19T19:24:16.2983814+05:30","order_acked":{"request_id":"a39d212d-f9e4-4a64-a151-ed9780675b20","status_code":201}}
{"event_type":"execution_report","timestamp":"2026-05-19T19:24:16.3071008+05:30","execution":{"order_id":"1fef9a1e-64d2-4e0e-915f-2c71a85762f1","symbol":"GOOG","side":"SELL","status":"filled","filled_qty":68,"leaves_qty":0,"price":297.73,"timestamp":"2026-05-19T13:54:16Z","match_id":"da58da0b-9290-4eb1-8d2b-d1e2542bb74c"}}
{"event_type":"order_acked","timestamp":"2026-05-19T19:24:16.3078956+05:30","order_acked":{"request_id":"cfd92395-0f87-4b47-aa8f-2a2629a4b326","status_code":201}}
{"event_type":"execution_report","timestamp":"2026-05-19T19:24:16.3095419+05:30","execution":{"order_id":"7794d4fe-8f29-4fad-8475-9a5944dbab16","symbol":"AMZN","side":"SELL","status":"filled","filled_qty":94,"leaves_qty":0,"price":912.14,"timestamp":"2026-05-19T13:54:16Z","match_id":"dfd0348b-ef1d-42b9-be4e-36aab319c8ef"}}
{"event_type":"execution_report","timestamp":"2026-05-19T19:24:16.310074+05:30","execution":{"order_id":"0b0abe08-1ccf-470a-a0c2-dc7b1f58614b","symbol":"AMZN","side":"BUY","status":"filled","filled_qty":52,"leaves_qty":0,"price":632.21,"timestamp":"2026-05-19T13:54:16Z","match_id":"5f67841e-fc51-44dc-820e-e8b52cbbdf35"}}
{"event_type":"order_acked","timestamp":"2026-05-19T19:24:16.3174104+05:30","order_acked":{"request_id":"4ced8405-f663-490b-9371-8d62ffe11c40","status_code":201}}
{"event_type":"order_acked","timestamp":"2026-05-19T19:24:16.3185352+05:30","order_acked":{"request_id":"ade6ff6c-10f2-4338-b0e8-e1bfd8c0f76e","status_code":201}}
{"event_type":"order_acked","timestamp":"2026-05-19T19:24:16.3219109+05:30","order_acked":{"request_id":"4a7f8373-e565-4fe6-95a3-804ca1ea9067","status_code":201}}
{"event_type":"order_acked","timestamp":"2026-05-19T19:24:16.3297964+05:30","order_acked":{"request_id":"17a4da13-eeaf-43ff-9716-4cf6f8c93324","status_code":201}}
{"event_type":"order_acked","timestamp":"2026-05-19T19:24:16.3394138+05:30","order_acked":{"request_id":"83d95cc3-9235-4395-bd0d-ceb385cf822b","status_code":201}}
{"event_type":"order_acked","timestamp":"2026-05-19T19:24:16.3436366+05:30","order_acked":{"request_id":"693e7ff6-a619-4db4-8ffa-6f9693fdd2dd","status_code":200}}
{"event_type":"order_acked","timestamp":"2026-05-19T19:24:16.3481187+05:30","order_acked":{"request_id":"e2b93097-1542-47c6-ad0e-77d021b23e83","status_code":201}}
{"event_type":"execution_report","timestamp":"2026-05-19T19:24:16.3497712+05:30","execution":{"order_id":"3b3121ec-091b-4075-9bb5-6e834e9f3cb5","symbol":"AMZN","side":"SELL","status":"filled","filled_qty":50,"leaves_qty":0,"price":164.68,"timestamp":"2026-05-19T13:54:16Z","match_id":"33d0c8d5-cf8f-46cd-9d3e-7ce3fd6dc91a"}}
{"event_type":"order_acked","timestamp":"2026-05-19T19:24:16.3561341+05:30","order_acked":{"request_id":"fa9f357d-475f-41f6-9ac1-5455d6511519","status_code":200}}
{"event_type":"execution_report","timestamp":"2026-05-19T19:24:16.3572802+05:30","execution":{"order_id":"62008c07-a65e-4bd8-a893-811f49e3df4c","symbol":"AAPL","side":"SELL","status":"filled","filled_qty":63,"leaves_qty":0,"price":194.93,"timestamp":"2026-05-19T13:54:16Z","match_id":"4aec3997-c2e9-497d-9e90-23c937c788ac"}}
{"event_type":"order_acked","timestamp":"2026-05-19T19:24:16.3666335+05:30","order_acked":{"request_id":"180f9af7-7376-4b4e-8662-6bc897017da0","status_code":201}}
{"event_type":"order_acked","timestamp":"2026-05-19T19:24:16.3773642+05:30","order_acked":{"request_id":"16709ce5-4ba2-462d-b770-57b5f85ef2e1","status_code":200}}
{"event_type":"order_acked","timestamp":"2026-05-19T19:24:16.379551+05:30","order_acked":{"request_id":"5403ed8a-052b-4427-a366-85dd124f1771","status_code":201}}
{"event_type":"execution_report","timestamp":"2026-05-19T19:24:16.3858025+05:30","execution":{"order_id":"c9666b55-328c-4618-a57a-0c5d44dcfdf7","symbol":"AAPL","side":"SELL","status":"filled","filled_qty":9,"leaves_qty":0,"price":960.75,"timestamp":"2026-05-19T13:54:16Z","match_id":"6d1ce023-8523-4644-8b10-d982b1f426f3"}}
{"event_type":"execution_report","timestamp":"2026-05-19T19:24:16.3879537+05:30","execution":{"order_id":"528de4d9-95ea-48dc-82a1-4c5f48e8f2f1","symbol":"AAPL","side":"BUY","status":"filled","filled_qty":70,"leaves_qty":0,"price":278.42,"timestamp":"2026-05-19T13:54:16Z","match_id":"a93752a5-7d74-40dc-8f91-5fe1c2c1309d"}}
{"event_type":"order_acked","timestamp":"2026-05-19T19:24:16.3923568+05:30","order_acked":{"request_id":"d9c94133-00d4-45fe-8a6d-a13e84a337c2","status_code":201}}
{"event_type":"order_acked","timestamp":"2026-05-19T19:24:16.3945896+05:30","order_acked":{"request_id":"f773e0b0-33e0-4c54-b3a4-120d96561745","status_code":201}}
{"event_type":"order_acked","timestamp":"2026-05-19T19:24:16.3967361+05:30","order_acked":{"request_id":"e0715200-bec5-42c6-ab54-f4056cb42543","status_code":201}}
{"event_type":"order_acked","timestamp":"2026-05-19T19:24:16.4047182+05:30","order_acked":{"request_id":"707db90b-bf2e-4340-bd8e-5659d4e4e92a","status_code":201}}
{"event_type":"execution_report","timestamp":"2026-05-19T19:24:16.4136601+05:30","execution":{"order_id":"d624339a-805d-4f39-9806-2c361f440a93","symbol":"AMZN","side":"BUY","status":"filled","filled_qty":30,"leaves_qty":0,"price":470.39,"timestamp":"2026-05-19T13:54:16Z","match_id":"f54b34f8-02af-4ac5-b8a9-6c92890f0cca"}}
{"event_type":"order_acked","timestamp":"2026-05-19T19:24:16.4153419+05:30","order_acked":{"request_id":"63dbfc4c-5ef6-4283-a25d-d7368eb4ee1a","status_code":201}}
{"event_type":"order_acked","timestamp":"2026-05-19T19:24:16.4180811+05:30","order_acked":{"request_id":"98eba5bf-96f8-40be-ad35-95be24d8378d","status_code":201}}
{"event_type":"order_acked","timestamp":"2026-05-19T19:24:16.4197685+05:30","order_acked":{"request_id":"1ef1d165-1a6c-4d8c-a31f-f2ca31c434b4","status_code":201}}
{"event_type":"execution_report","timestamp":"2026-05-19T19:24:16.4214553+05:30","execution":{"order_id":"8ac7f4c6-0ea3-405f-bfbb-a1c17c78b37a","symbol":"AAPL","side":"SELL","status":"filled","filled_qty":26,"leaves_qty":0,"price":509.6,"timestamp":"2026-05-19T13:54:16Z","match_id":"f090f50a-f5d9-4091-bdc4-88ce68831fdf"}}
{"event_type":"execution_report","timestamp":"2026-05-19T19:24:16.4220107+05:30","execution":{"order_id":"bc9f00d7-33e0-4f5c-b435-cc6c0aed877b","symbol":"AAPL","side":"BUY","status":"filled","filled_qty":1,"leaves_qty":0,"price":116.34,"timestamp":"2026-05-19T13:54:16Z","match_id":"71ad2474-022d-408c-8e6c-24ac77a844a7"}}
{"event_type":"order_acked","timestamp":"2026-05-19T19:24:16.4242727+05:30","order_acked":{"request_id":"196645f6-db36-47e1-a0d6-3acacee1ae98","status_code":201}}
{"event_type":"execution_report","timestamp":"2026-05-19T19:24:16.4296827+05:30","execution":{"order_id":"41656e32-f963-41f5-8afb-977b584f4ad5","symbol":"AMZN","side":"SELL","status":"filled","filled_qty":17,"leaves_qty":0,"price":375.9,"timestamp":"2026-05-19T13:54:16Z","match_id":"02bc31e3-83f6-4399-addb-a62c1ea0ec42"}}
{"event_type":"order_acked","timestamp":"2026-05-19T19:24:16.4370395+05:30","order_acked":{"request_id":"e5c1ea01-977e-4b19-a564-66f9eff07bbd","status_code":200}}
{"event_type":"order_acked","timestamp":"2026-05-19T19:24:16.4387361+05:30","order_acked":{"request_id":"ab69dd1b-6eaf-41c9-9859-f964402b6966","status_code":200}}
{"event_type":"order_acked","timestamp":"2026-05-19T19:24:16.4419919+05:30","order_acked":{"request_id":"4b62373e-21de-4740-83b9-1c38fd6737ab","status_code":201}}
{"event_type":"execution_report","timestamp":"2026-05-19T19:24:16.4515705+05:30","execution":{"order_id":"b66a2347-e54d-4fb5-a150-b2c9a48a2a9b","symbol":"GOOG","side":"BUY","status":"filled","filled_qty":31,"leaves_qty":0,"price":492.83,"timestamp":"2026-05-19T13:54:16Z","match_id":"4d87a2ff-6a8c-400d-8af4-52783ad6fe24"}}
{"event_type":"order_acked","timestamp":"2026-05-19T19:24:16.4577842+05:30","order_acked":{"request_id":"8ddbc722-1dfb-4fba-a378-d65659c82ba9","status_code":201}}
{"event_type":"order_acked","timestamp":"2026-05-19T19:24:16.4610882+05:30","order_acked":{"request_id":"00a4ec0d-0ecd-490c-b53a-8610b133b27d","status_code":201}}
{"event_type":"execution_report","timestamp":"2026-05-19T19:24:16.4644361+05:30","execution":{"order_id":"0f172e9f-e976-4fa8-8c9c-9c54659f72a6","symbol":"AMZN","side":"BUY","status":"filled","filled_qty":53,"leaves_qty":0,"price":139.85,"timestamp":"2026-05-19T13:54:16Z","match_id":"7172f6e2-57d2-43f5-b54c-7e1cdfe0a07d"}}
{"event_type":"order_acked","timestamp":"2026-05-19T19:24:16.4655763+05:30","order_acked":{"request_id":"3b5e1d95-92e6-40dd-ac5a-ccd8ca0b3de3","status_code":201}}
{"event_type":"order_acked","timestamp":"2026-05-19T19:24:16.4672322+05:30","order_acked":{"request_id":"4947e965-a75a-413c-a94e-58f630092609","status_code":201}}
{"event_type":"execution_report","timestamp":"2026-05-19T19:24:16.4683376+05:30","execution":{"order_id":"33c817e2-bd82-413e-869d-d7a0109304c1","symbol":"AAPL","side":"BUY","status":"filled","filled_qty":44,"leaves_qty":0,"price":116.46,"timestamp":"2026-05-19T13:54:16Z","match_id":"f5c3c8a1-5ed7-422a-b007-f0cc61866470"}}
{"event_type":"execution_report","timestamp":"2026-05-19T19:24:16.470562+05:30","execution":{"order_id":"13f1d8a3-5fb3-46d0-8bd4-dc8e33d812c0","symbol":"TSLA","side":"BUY","status":"filled","filled_qty":35,"leaves_qty":0,"price":312.64,"timestamp":"2026-05-19T13:54:16Z","match_id":"37826ae7-4d53-452c-85f8-50b3de3d6c41"}}
{"event_type":"order_acked","timestamp":"2026-05-19T19:24:16.4738159+05:30","order_acked":{"request_id":"5c659367-8ecb-4f0c-88ae-0a5ce07c717e","status_code":201}}
{"event_type":"order_acked","timestamp":"2026-05-19T19:24:16.4766552+05:30","order_acked":{"request_id":"8a99f92e-0db9-44f2-a581-9da25d5a4a91","status_code":201}}
{"event_type":"order_acked","timestamp":"2026-05-19T19:24:16.4888953+05:30","order_acked":{"request_id":"59986ecf-ff98-4dfb-a172-b2980e5cfe4a","status_code":201}}
{"event_type":"order_acked","timestamp":"2026-05-19T19:24:16.4973104+05:30","order_acked":{"request_id":"b8eb6f23-dea1-4612-b2bd-2e2ceb046d55","status_code":201}}
{"event_type":"order_acked","timestamp":"2026-05-19T19:24:16.499511+05:30","order_acked":{"request_id":"ce7859c0-0601-4875-a36d-f0b3702c6534","status_code":200}}
{"event_type":"execution_report","timestamp":"2026-05-19T19:24:16.5001386+05:30","execution":{"order_id":"5a6b8da6-1a6d-4f80-a123-c0eda250405e","symbol":"AAPL","side":"SELL","status":"filled","filled_qty":90,"leaves_qty":0,"price":439.24,"timestamp":"2026-05-19T13:54:16Z","match_id":"9435e0b0-ae0a-46ed-98e4-d28290df207a"}}
{"event_type":"order_acked","timestamp":"2026-05-19T19:24:16.5017394+05:30","order_acked":{"request_id":"a68a2078-c81b-45ac-b7b4-755a9884c0b9","status_code":201}}
{"event_type":"execution_report","timestamp":"2026-05-19T19:24:16.507447+05:30","execution":{"order_id":"afd83ff9-45c4-4dc6-907d-85e9f2726fcd","symbol":"AAPL","side":"BUY","status":"filled","filled_qty":75,"leaves_qty":0,"price":961.96,"timestamp":"2026-05-19T13:54:16Z","match_id":"8a13e850-a6eb-4f71-9c2a-305089aacbd9"}}
{"event_type":"order_acked","timestamp":"2026-05-19T19:24:16.5101657+05:30","order_acked":{"request_id":"31a3220a-647e-45ae-9513-164a3cdd1fe1","status_code":201}}
{"event_type":"order_acked","timestamp":"2026-05-19T19:24:16.5218884+05:30","order_acked":{"request_id":"9553a07a-f1e9-4ad4-b4b9-20bef8f3d88d","status_code":201}}
{"event_type":"execution_report","timestamp":"2026-05-19T19:24:16.5257512+05:30","execution":{"order_id":"b015d5f0-0121-4fdf-9192-45a06944c01c","symbol":"GOOG","side":"BUY","status":"filled","filled_qty":15,"leaves_qty":0,"price":927.9,"timestamp":"2026-05-19T13:54:16Z","match_id":"e91985bd-bd71-47e4-a492-bb7953ea7f53"}}
{"event_type":"execution_report","timestamp":"2026-05-19T19:24:16.5311853+05:30","execution":{"order_id":"ea8e32cc-8149-4f32-8f91-d9db9fec63b3","symbol":"MSFT","side":"BUY","status":"filled","filled_qty":23,"leaves_qty":0,"price":598.31,"timestamp":"2026-05-19T13:54:16Z","match_id":"53f7773a-ae28-464f-9d7e-6984edd4586f"}}
{"event_type":"order_acked","timestamp":"2026-05-19T19:24:16.5319811+05:30","order_acked":{"request_id":"552a4d52-a522-4c44-ae86-ec3a29a28717","status_code":200}}
{"event_type":"order_acked","timestamp":"2026-05-19T19:24:16.5347776+05:30","order_acked":{"request_id":"2b60ed85-8015-48ff-8ca6-6d97ed4f7fd8","status_code":201}}
{"event_type":"order_acked","timestamp":"2026-05-19T19:24:16.5364775+05:30","order_acked":{"request_id":"9974ada6-5de3-4f4a-a9a5-72c302c49742","status_code":201}}
{"event_type":"execution_report","timestamp":"2026-05-19T19:24:16.5421405+05:30","execution":{"order_id":"dd8c82bf-4a51-4da3-91f9-5b1efd0f1e72","symbol":"GOOG","side":"BUY","status":"filled","filled_qty":77,"leaves_qty":0,"price":571.26,"timestamp":"2026-05-19T13:54:16Z","match_id":"d64a20d9-e3d6-4d4b-9c5c-29b0891fd4be"}}
{"event_type":"order_acked","timestamp":"2026-05-19T19:24:16.5445468+05:30","order_acked":{"request_id":"7ac86c2f-6603-457a-9757-9fdaac4df8db","status_code":201}}
{"event_type":"order_acked","timestamp":"2026-05-19T19:24:16.5479466+05:30","order_acked":{"request_id":"c5bd3334-6d3b-48dd-8200-a9833ffd91a4","status_code":201}}
{"event_type":"order_acked","timestamp":"2026-05-19T19:24:16.5502379+05:30","order_acked":{"request_id":"02bb0f8d-b269-4101-bc3f-0f4ae6651b74","status_code":201}}
{"event_type":"order_acked","timestamp":"2026-05-19T19:24:16.5536302+05:30","order_acked":{"request_id":"9da8b2cb-9f8a-477a-9c40-240b966e44b8","status_code":200}}
{"event_type":"execution_report","timestamp":"2026-05-19T19:24:16.5554163+05:30","execution":{"order_id":"d90a8705-4a6a-4c76-bedb-2fb97aab7e1e","symbol":"GOOG","side":"SELL","status":"filled","filled_qty":40,"leaves_qty":0,"price":556.81,"timestamp":"2026-05-19T13:54:16Z","match_id":"514295e9-e7d7-4e2b-a28a-b78251926e19"}}
{"event_type":"order_acked","timestamp":"2026-05-19T19:24:16.5692594+05:30","order_acked":{"request_id":"2fabbefc-4a5d-44aa-9be4-a596c5f3c8c6","status_code":201}}
{"event_type":"execution_report","timestamp":"2026-05-19T19:24:16.5774124+05:30","execution":{"order_id":"bdabbe79-a234-44c5-8f4b-91befb2c568a","symbol":"AMZN","side":"BUY","status":"filled","filled_qty":71,"leaves_qty":0,"price":337.99,"timestamp":"2026-05-19T13:54:16Z","match_id":"1760bd7d-d161-4983-bd36-3123318166e5"}}
{"event_type":"execution_report","timestamp":"2026-05-19T19:24:16.5779653+05:30","execution":{"order_id":"2fff4a9c-63ef-4105-8594-41b31303567d","symbol":"MSFT","side":"SELL","status":"filled","filled_qty":64,"leaves_qty":0,"price":728.4,"timestamp":"2026-05-19T13:54:16Z","match_id":"f11b1ed2-fd96-4e60-89f8-2eac7100d30f"}}
{"event_type":"order_acked","timestamp":"2026-05-19T19:24:16.5834593+05:30","order_acked":{"request_id":"07c8d3e6-57df-4fe7-9867-89dac2a1fb7a","status_code":201}}
{"event_type":"order_acked","timestamp":"2026-05-19T19:24:16.5846442+05:30","order_acked":{"request_id":"eac3f844-fec8-4c4d-8213-10d61b492c28","status_code":201}}
{"event_type":"execution_report","timestamp":"2026-05-19T19:24:16.5879983+05:30","execution":{"order_id":"c14fcb2d-3cfe-4090-a7a9-2cf032ed1a8d","symbol":"AAPL","side":"SELL","status":"filled","filled_qty":57,"leaves_qty":0,"price":257.05,"timestamp":"2026-05-19T13:54:16Z","match_id":"e2111a44-d59d-46be-812f-0cec59715354"}}
{"event_type":"order_acked","timestamp":"2026-05-19T19:24:16.5907083+05:30","order_acked":{"request_id":"b329bc59-bdf4-41ec-8771-ff403592db23","status_code":201}}
{"event_type":"execution_report","timestamp":"2026-05-19T19:24:16.5957024+05:30","execution":{"order_id":"dd592f13-cb99-4c4e-b737-4a32c206a290","symbol":"AAPL","side":"BUY","status":"filled","filled_qty":12,"leaves_qty":0,"price":951.38,"timestamp":"2026-05-19T13:54:16Z","match_id":"31144b2d-f3f1-4994-90c1-a07d49aec642"}}
{"event_type":"order_acked","timestamp":"2026-05-19T19:24:16.5985059+05:30","order_acked":{"request_id":"ca6add9e-0986-4cb2-902b-070e46e06e20","status_code":201}}
{"event_type":"order_acked","timestamp":"2026-05-19T19:24:16.6004082+05:30","order_acked":{"request_id":"e9b43b70-ed0e-491a-a97d-f10e40554aac","status_code":200}}
{"event_type":"order_acked","timestamp":"2026-05-19T19:24:16.6015041+05:30","order_acked":{"request_id":"6312ae1b-5c25-4588-af3b-30bafe693f1d","status_code":201}}
{"event_type":"execution_report","timestamp":"2026-05-19T19:24:16.6043166+05:30","execution":{"order_id":"40c9349d-970a-4d14-aae9-01ddb3875e14","symbol":"GOOG","side":"BUY","status":"filled","filled_qty":31,"leaves_qty":0,"price":760.59,"timestamp":"2026-05-19T13:54:16Z","match_id":"cfff1479-a517-43d9-a33d-d828fd99e1ff"}}
{"event_type":"order_acked","timestamp":"2026-05-19T19:24:16.6061424+05:30","order_acked":{"request_id":"7cc6b988-7104-4fde-95bd-b75396b67179","status_code":201}}
{"event_type":"execution_report","timestamp":"2026-05-19T19:24:16.6119619+05:30","execution":{"order_id":"82d187de-f7c1-4a37-aaf3-7c615de8fa6a","symbol":"AAPL","side":"SELL","status":"filled","filled_qty":25,"leaves_qty":0,"price":226.74,"timestamp":"2026-05-19T13:54:16Z","match_id":"4a152172-ae54-4699-b5f5-f8f59984e087"}}
{"event_type":"order_acked","timestamp":"2026-05-19T19:24:16.6199765+05:30","order_acked":{"request_id":"daaae22f-40a9-470a-9d68-0b418a7799b4","status_code":201}}
{"event_type":"order_acked","timestamp":"2026-05-19T19:24:16.6244326+05:30","order_acked":{"request_id":"53a7df13-b2b1-48b0-b5b6-b1419129f824","status_code":201}}
{"event_type":"execution_report","timestamp":"2026-05-19T19:24:16.6256394+05:30","execution":{"order_id":"79991c76-7176-41df-82b9-bce066ea0652","symbol":"GOOG","side":"SELL","status":"filled","filled_qty":2,"leaves_qty":0,"price":727.01,"timestamp":"2026-05-19T13:54:16Z","match_id":"09d2e58c-715d-4f27-b831-4436a8343e58"}}
{"event_type":"order_acked","timestamp":"2026-05-19T19:24:16.6312799+05:30","order_acked":{"request_id":"90408936-8321-4f49-a46d-55729dfae08b","status_code":201}}
{"event_type":"order_acked","timestamp":"2026-05-19T19:24:16.6341199+05:30","order_acked":{"request_id":"90e40fee-6fc7-4818-b0fe-3d070b3ca022","status_code":200}}
{"event_type":"execution_report","timestamp":"2026-05-19T19:24:16.6353275+05:30","execution":{"order_id":"6a45eaa7-2f8d-4b5f-9af8-57b695c1df99","symbol":"AAPL","side":"BUY","status":"filled","filled_qty":38,"leaves_qty":0,"price":999.36,"timestamp":"2026-05-19T13:54:16Z","match_id":"14cdce0e-53cf-4a6e-a4f9-23e3998053f5"}}
{"event_type":"order_acked","timestamp":"2026-05-19T19:24:16.6412983+05:30","order_acked":{"request_id":"0510d1df-7953-417a-a12a-58f3a2b4a5eb","status_code":201}}
{"event_type":"order_acked","timestamp":"2026-05-19T19:24:16.6462904+05:30","order_acked":{"request_id":"ec07a024-5d0c-4eeb-89ad-22b43d8a05f8","status_code":201}}
{"event_type":"execution_report","timestamp":"2026-05-19T19:24:16.6498008+05:30","execution":{"order_id":"5b44076b-8e13-434a-b69a-c6f5475b187e","symbol":"GOOG","side":"SELL","status":"filled","filled_qty":13,"leaves_qty":0,"price":808.82,"timestamp":"2026-05-19T13:54:16Z","match_id":"1587d713-49c1-4935-b9e0-554903514f1f"}}
{"event_type":"order_acked","timestamp":"2026-05-19T19:24:16.6585044+05:30","order_acked":{"request_id":"2a3baf91-c6d1-460d-a470-a51d8f6bbfc5","status_code":201}}
{"event_type":"order_acked","timestamp":"2026-05-19T19:24:16.6626378+05:30","order_acked":{"request_id":"580a9928-2e12-4f12-9470-13d185fcd2af","status_code":201}}
{"event_type":"execution_report","timestamp":"2026-05-19T19:24:16.6631783+05:30","execution":{"order_id":"da7de942-beba-458b-96cf-556bdb9d78bd","symbol":"MSFT","side":"BUY","status":"filled","filled_qty":28,"leaves_qty":0,"price":512.41,"timestamp":"2026-05-19T13:54:16Z","match_id":"76c764e7-7268-454b-9995-ae65c434bb37"}}
{"event_type":"order_acked","timestamp":"2026-05-19T19:24:16.6699646+05:30","order_acked":{"request_id":"0156c210-de70-42ae-bd27-b30f280710e0","status_code":201}}
{"event_type":"execution_report","timestamp":"2026-05-19T19:24:16.6704932+05:30","execution":{"order_id":"d0657d9c-46b9-4bc4-81e6-7685c6573089","symbol":"TSLA","side":"SELL","status":"filled","filled_qty":25,"leaves_qty":0,"price":834.78,"timestamp":"2026-05-19T13:54:16Z","match_id":"f7230b5c-388f-4673-b901-16b54c3cc26f"}}
{"event_type":"order_acked","timestamp":"2026-05-19T19:24:16.6789024+05:30","order_acked":{"request_id":"1f0d1d8b-fab1-4200-80c7-d313390e6275","status_code":200}}
{"event_type":"execution_report","timestamp":"2026-05-19T19:24:16.6805361+05:30","execution":{"order_id":"622d5be5-4dac-4653-b750-948c61c62f99","symbol":"GOOG","side":"SELL","status":"filled","filled_qty":17,"leaves_qty":0,"price":130.38,"timestamp":"2026-05-19T13:54:16Z","match_id":"02725cd7-e6dd-4a28-adf2-2f9947f35c1e"}}
{"event_type":"order_acked","timestamp":"2026-05-19T19:24:16.6840025+05:30","order_acked":{"request_id":"85d38f8f-bab1-4676-aff1-8a21e7a7238b","status_code":201}}
{"event_type":"order_acked","timestamp":"2026-05-19T19:24:16.6845968+05:30","order_acked":{"request_id":"5883ea5e-ee42-4fa0-8ec1-9467305b5f0e","status_code":200}}
{"event_type":"order_acked","timestamp":"2026-05-19T19:24:16.6862324+05:30","order_acked":{"request_id":"44534110-20c9-4dc7-9e87-be51dad0e018","status_code":201}}
{"event_type":"order_acked","timestamp":"2026-05-19T19:24:16.703624+05:30","order_acked":{"request_id":"e78cbcd4-9240-4943-8038-d3093d0b2e9f","status_code":201}}
{"event_type":"order_acked","timestamp":"2026-05-19T19:24:16.7058781+05:30","order_acked":{"request_id":"8b47083f-9a99-47c4-96eb-719707ec720b","status_code":201}}
{"event_type":"order_acked","timestamp":"2026-05-19T19:24:16.708717+05:30","order_acked":{"request_id":"eca6402e-75df-4abe-9080-3d0f49b308ae","status_code":201}}
{"event_type":"execution_report","timestamp":"2026-05-19T19:24:16.7103529+05:30","execution":{"order_id":"ea2785b9-9d92-4957-9071-5888637b2301","symbol":"AMZN","side":"SELL","status":"filled","filled_qty":13,"leaves_qty":0,"price":648.54,"timestamp":"2026-05-19T13:54:16Z","match_id":"5678b417-71ab-4529-8831-f3807c89b941"}}
{"event_type":"order_acked","timestamp":"2026-05-19T19:24:16.7115486+05:30","order_acked":{"request_id":"b09c228e-1ade-468f-8b65-6282bcb0db43","status_code":201}}
{"event_type":"execution_report","timestamp":"2026-05-19T19:24:16.7131903+05:30","execution":{"order_id":"a4148466-e5a4-48c4-a8d6-752709d107f0","symbol":"GOOG","side":"BUY","status":"filled","filled_qty":21,"leaves_qty":0,"price":293.47,"timestamp":"2026-05-19T13:54:16Z","match_id":"99e8ac7d-0f70-4536-b4fe-41e8322c02ca"}}
{"event_type":"execution_report","timestamp":"2026-05-19T19:24:16.71492+05:30","execution":{"order_id":"55e8aaeb-d125-40fc-b250-62721a9a3d4a","symbol":"TSLA","side":"BUY","status":"filled","filled_qty":42,"leaves_qty":0,"price":914.92,"timestamp":"2026-05-19T13:54:16Z","match_id":"3824994f-fa37-4dc0-b5a3-7343708cad2c"}}
{"event_type":"order_acked","timestamp":"2026-05-19T19:24:16.7171702+05:30","order_acked":{"request_id":"e2e69079-7a64-4876-b5e1-be94cb1688b5","status_code":201}}
{"event_type":"order_acked","timestamp":"2026-05-19T19:24:16.726691+05:30","order_acked":{"request_id":"293f243e-f43a-4c1f-a061-9ec3d9dec7e8","status_code":201}}
{"event_type":"order_sent","timestamp":"2026-05-19T19:24:18.0322123+05:30","order_sent":{"request_id":"4fd93e86-69ad-4898-a838-8c8df00b6164","order_id":"","type":"LIMIT","symbol":"TSLA","side":"BUY","price":140.48,"quantity":32}}
{"event_type":"order_sent","timestamp":"2026-05-19T19:24:18.0322123+05:30","order_sent":{"request_id":"d928d691-aeae-4ba2-a2a6-9aa636334379","order_id":"","type":"LIMIT","symbol":"MSFT","side":"BUY","price":143.23,"quantity":46}}
{"event_type":"order_sent","timestamp":"2026-05-19T19:24:18.0322123+05:30","order_sent":{"request_id":"5d9a72b9-9cca-45b8-a611-3e2fc534c252","order_id":"","type":"LIMIT","symbol":"MSFT","side":"SELL","price":242.95,"quantity":8}}
{"event_type":"order_sent","timestamp":"2026-05-19T19:24:18.0322123+05:30","order_sent":{"request_id":"7c63dad6-50d2-474a-8722-fba1f6158a8d","order_id":"","type":"LIMIT","symbol":"AAPL","side":"BUY","price":749.65,"quantity":92}}
{"event_type":"order_sent","timestamp":"2026-05-19T19:24:18.0322123+05:30","order_sent":{"request_id":"43159712-5588-4e9e-be12-415e2bc69a4b","order_id":"","type":"MARKET","symbol":"AMZN","side":"BUY","quantity":36}}
{"event_type":"order_sent","timestamp":"2026-05-19T19:24:18.0322123+05:30","order_sent":{"request_id":"98422115-0ba0-4606-8c38-1e3fbf9db97f","order_id":"","type":"MARKET","symbol":"TSLA","side":"BUY","quantity":49}}
{"event_type":"order_sent","timestamp":"2026-05-19T19:24:18.0322123+05:30","order_sent":{"request_id":"49d852fa-d71c-46f2-843a-ad838b2f465b","order_id":"","type":"MARKET","symbol":"AMZN","side":"BUY","quantity":17}}
{"event_type":"order_sent","timestamp":"2026-05-19T19:24:18.0322123+05:30","order_sent":{"request_id":"e64dcc84-9d82-44b0-a580-3bb9d231e202","order_id":"","type":"MARKET","symbol":"MSFT","side":"BUY","quantity":43}}
{"event_type":"order_sent","timestamp":"2026-05-19T19:24:18.0322123+05:30","order_sent":{"request_id":"955d31fd-3d7b-42f4-8ad6-8d2fe255ea61","order_id":"ord-8553074447476041033","type":"CANCEL","symbol":"","side":""}}
{"event_type":"order_sent","timestamp":"2026-05-19T19:24:18.0322123+05:30","order_sent":{"request_id":"e04e712e-dbda-419a-ae38-0db26370eba8","order_id":"","type":"LIMIT","symbol":"GOOG","side":"BUY","price":759.98,"quantity":11}}
{"event_type":"order_sent","timestamp":"2026-05-19T19:24:18.0327388+05:30","order_sent":{"request_id":"acd87d0f-08fc-4a1b-a1d1-78e16643a305","order_id":"","type":"LIMIT","symbol":"MSFT","side":"BUY","price":968.07,"quantity":57}}
{"event_type":"order_sent","timestamp":"2026-05-19T19:24:18.0327388+05:30","order_sent":{"request_id":"05d78788-9d4c-419c-b731-6b414e35c9f2","order_id":"","type":"LIMIT","symbol":"MSFT","side":"BUY","price":770.38,"quantity":41}}
{"event_type":"order_sent","timestamp":"2026-05-19T19:24:18.0327388+05:30","order_sent":{"request_id":"3902c185-f188-4e78-be31-6428ddfd34ea","order_id":"","type":"MARKET","symbol":"GOOG","side":"BUY","quantity":37}}
{"event_type":"order_sent","timestamp":"2026-05-19T19:24:18.0327388+05:30","order_sent":{"request_id":"ff5b21e5-7a5a-497e-abc4-cbc472b7891d","order_id":"","type":"LIMIT","symbol":"MSFT","side":"BUY","price":502.9,"quantity":60}}
{"event_type":"order_sent","timestamp":"2026-05-19T19:24:18.0327388+05:30","order_sent":{"request_id":"1d3d83fd-5c91-481b-8e0d-0c12dbc6f0a2","order_id":"","type":"LIMIT","symbol":"TSLA","side":"SELL","price":735.53,"quantity":59}}
{"event_type":"order_sent","timestamp":"2026-05-19T19:24:18.0327388+05:30","order_sent":{"request_id":"5a1bcfa6-5609-48ad-b64c-16719356ba3c","order_id":"","type":"LIMIT","symbol":"AMZN","side":"SELL","price":750.71,"quantity":14}}
{"event_type":"order_sent","timestamp":"2026-05-19T19:24:18.0327388+05:30","order_sent":{"request_id":"e243e349-ad80-43cc-b14a-cca6cf2a6e36","order_id":"","type":"LIMIT","symbol":"MSFT","side":"SELL","price":437.61,"quantity":41}}
{"event_type":"order_sent","timestamp":"2026-05-19T19:24:18.0327388+05:30","order_sent":{"request_id":"d9af9264-3bbf-42d9-a030-46e0f228726e","order_id":"","type":"MARKET","symbol":"GOOG","side":"SELL","quantity":8}}
{"event_type":"order_sent","timestamp":"2026-05-19T19:24:18.0327388+05:30","order_sent":{"request_id":"a0cd9c88-93c5-49a2-b914-bd77c9e25494","order_id":"","type":"MARKET","symbol":"MSFT","side":"BUY","quantity":46}}
{"event_type":"order_sent","timestamp":"2026-05-19T19:24:18.0327388+05:30","order_sent":{"request_id":"109f16de-9159-48c8-9635-1342918b23bc","order_id":"","type":"MARKET","symbol":"AMZN","side":"BUY","quantity":11}}
{"event_type":"order_sent","timestamp":"2026-05-19T19:24:18.0327388+05:30","order_sent":{"request_id":"a049d0a6-9699-4f6b-a257-8bc94a305603","order_id":"","type":"MARKET","symbol":"MSFT","side":"BUY","quantity":18}}
{"event_type":"order_sent","timestamp":"2026-05-19T19:24:18.0327388+05:30","order_sent":{"request_id":"2f610c09-102d-466b-81f6-0faf8198be54","order_id":"","type":"MARKET","symbol":"MSFT","side":"SELL","quantity":16}}
{"event_type":"order_sent","timestamp":"2026-05-19T19:24:18.0327388+05:30","order_sent":{"request_id":"7734463b-87c7-4d34-8785-af9d15ae674d","order_id":"","type":"LIMIT","symbol":"TSLA","side":"BUY","price":882.1,"quantity":8}}
{"event_type":"order_sent","timestamp":"2026-05-19T19:24:18.0327388+05:30","order_sent":{"request_id":"52af62c7-1d06-4476-a524-b860158a4111","order_id":"","type":"MARKET","symbol":"GOOG","side":"BUY","quantity":27}}
{"event_type":"order_sent","timestamp":"2026-05-19T19:24:18.0327388+05:30","order_sent":{"request_id":"a43adb52-a420-4f0a-b7f8-eb44e133f530","order_id":"","type":"MARKET","symbol":"MSFT","side":"BUY","quantity":40}}
{"event_type":"order_sent","timestamp":"2026-05-19T19:24:18.0327388+05:30","order_sent":{"request_id":"216dd7a7-1ed7-4c54-a419-c84ddaac92a8","order_id":"","type":"LIMIT","symbol":"GOOG","side":"BUY","price":392.53,"quantity":65}}
{"event_type":"order_sent","timestamp":"2026-05-19T19:24:18.0327388+05:30","order_sent":{"request_id":"953d6dd5-036d-4f5e-966b-1118028f9bc8","order_id":"","type":"LIMIT","symbol":"GOOG","side":"SELL","price":760.54,"quantity":43}}
{"event_type":"order_sent","timestamp":"2026-05-19T19:24:18.0327388+05:30","order_sent":{"request_id":"52324cf7-7913-43ae-b57b-de4652f920bb","order_id":"","type":"LIMIT","symbol":"TSLA","side":"SELL","price":675.47,"quantity":40}}
{"event_type":"order_sent","timestamp":"2026-05-19T19:24:18.0327388+05:30","order_sent":{"request_id":"e3363b71-1826-4e46-b719-0273ffe3b0a8","order_id":"","type":"MARKET","symbol":"MSFT","side":"SELL","quantity":15}}
{"event_type":"order_sent","timestamp":"2026-05-19T19:24:18.0327388+05:30","order_sent":{"request_id":"0738af13-482e-4344-b4c4-212488774490","order_id":"","type":"LIMIT","symbol":"MSFT","side":"SELL","price":802.88,"quantity":83}}
{"event_type":"order_sent","timestamp":"2026-05-19T19:24:18.0327388+05:30","order_sent":{"request_id":"58592d62-f05f-4935-9c00-87d5062970c9","order_id":"","type":"MARKET","symbol":"TSLA","side":"SELL","quantity":50}}
{"event_type":"order_sent","timestamp":"2026-05-19T19:24:18.0327388+05:30","order_sent":{"request_id":"7086092d-cc23-4760-a51b-f8a370d6fd45","order_id":"","type":"MARKET","symbol":"AMZN","side":"SELL","quantity":21}}
{"event_type":"order_sent","timestamp":"2026-05-19T19:24:18.0327388+05:30","order_sent":{"request_id":"fc5dbb3d-5bff-4c2b-8fdf-c99a28657e46","order_id":"","type":"MARKET","symbol":"MSFT","side":"BUY","quantity":27}}
{"event_type":"order_sent","timestamp":"2026-05-19T19:24:18.0327388+05:30","order_sent":{"request_id":"ce164755-7093-44ba-a130-c789c21bbdf4","order_id":"ord-6246498591339195370","type":"CANCEL","symbol":"","side":""}}
{"event_type":"order_sent","timestamp":"2026-05-19T19:24:18.0327388+05:30","order_sent":{"request_id":"1f202e63-270a-4557-81fd-0b42581cb7cd","order_id":"","type":"MARKET","symbol":"AAPL","side":"BUY","quantity":46}}
{"event_type":"order_sent","timestamp":"2026-05-19T19:24:18.0327388+05:30","order_sent":{"request_id":"77b67afc-a9a5-4a39-adc7-052efd45654a","order_id":"","type":"LIMIT","symbol":"GOOG","side":"BUY","price":817.2,"quantity":89}}
{"event_type":"order_sent","timestamp":"2026-05-19T19:24:18.0327388+05:30","order_sent":{"request_id":"e7fbef28-60bb-45b7-8b41-151c952ed644","order_id":"ord-2930960303506719281","type":"CANCEL","symbol":"","side":""}}
{"event_type":"order_sent","timestamp":"2026-05-19T19:24:18.0327388+05:30","order_sent":{"request_id":"3e1021b9-e468-4e7f-808e-658f7fec7e3a","order_id":"","type":"MARKET","symbol":"AAPL","side":"SELL","quantity":31}}
{"event_type":"order_sent","timestamp":"2026-05-19T19:24:18.0327388+05:30","order_sent":{"request_id":"eaafec54-3ca9-4750-9a07-5371de9877fe","order_id":"","type":"MARKET","symbol":"GOOG","side":"BUY","quantity":33}}
{"event_type":"order_sent","timestamp":"2026-05-19T19:24:18.0322123+05:30","order_sent":{"request_id":"b04e6aee-287c-4f9e-9ee9-2f2d61be21c4","order_id":"","type":"LIMIT","symbol":"GOOG","side":"SELL","price":909.65,"quantity":60}}
{"event_type":"order_sent","timestamp":"2026-05-19T19:24:18.0327388+05:30","order_sent":{"request_id":"655fe181-42b6-4a0f-b485-781315f73fb8","order_id":"","type":"LIMIT","symbol":"GOOG","side":"SELL","price":966.42,"quantity":32}}
{"event_type":"order_sent","timestamp":"2026-05-19T19:24:18.0327388+05:30","order_sent":{"request_id":"c244743c-b851-46d6-b073-36ef6d9314a7","order_id":"","type":"LIMIT","symbol":"AAPL","side":"BUY","price":256.91,"quantity":92}}
{"event_type":"order_sent","timestamp":"2026-05-19T19:24:18.0322123+05:30","order_sent":{"request_id":"ed8009e4-cc36-4193-8f39-2954942ad114","order_id":"ord-2636667599680111616","type":"CANCEL","symbol":"","side":""}}
{"event_type":"order_sent","timestamp":"2026-05-19T19:24:18.0327388+05:30","order_sent":{"request_id":"ea8bfe9d-61ee-4f19-a1fa-9547cee9ad94","order_id":"","type":"LIMIT","symbol":"TSLA","side":"BUY","price":969.73,"quantity":89}}
{"event_type":"order_sent","timestamp":"2026-05-19T19:24:18.0327388+05:30","order_sent":{"request_id":"4c3d0e04-8294-42b0-a28b-b7f3d495bdda","order_id":"","type":"LIMIT","symbol":"GOOG","side":"SELL","price":388.46,"quantity":31}}
{"event_type":"order_sent","timestamp":"2026-05-19T19:24:18.0322123+05:30","order_sent":{"request_id":"c7c08b37-8437-4210-bfe7-27a6fcd251d2","order_id":"","type":"LIMIT","symbol":"MSFT","side":"SELL","price":283.8,"quantity":15}}
{"event_type":"order_sent","timestamp":"2026-05-19T19:24:18.0322123+05:30","order_sent":{"request_id":"fe415bea-11ef-45a4-9a34-751a1723e302","order_id":"","type":"LIMIT","symbol":"AMZN","side":"SELL","price":460.6,"quantity":79}}
{"event_type":"order_sent","timestamp":"2026-05-19T19:24:18.0322123+05:30","order_sent":{"request_id":"0efafdfc-04db-4046-a8aa-483659674d75","order_id":"","type":"MARKET","symbol":"MSFT","side":"BUY","quantity":31}}
{"event_type":"order_sent","timestamp":"2026-05-19T19:24:18.0327388+05:30","order_sent":{"request_id":"a5194014-c497-4678-ae55-2b062567797b","order_id":"","type":"MARKET","symbol":"AMZN","side":"BUY","quantity":49}}
{"event_type":"order_sent","timestamp":"2026-05-19T19:24:18.0322123+05:30","order_sent":{"request_id":"f88383cf-bd04-44f2-b45e-eab8439cf9fc","order_id":"","type":"LIMIT","symbol":"AMZN","side":"BUY","price":829.16,"quantity":85}}
{"event_type":"order_sent","timestamp":"2026-05-19T19:24:18.0322123+05:30","order_sent":{"request_id":"eab0ff21-dc64-45c9-9059-3e3dfe63c11d","order_id":"ord-2333511522627853351","type":"CANCEL","symbol":"","side":""}}
{"event_type":"order_sent","timestamp":"2026-05-19T19:24:18.0322123+05:30","order_sent":{"request_id":"bae95386-1370-4935-af1e-78c71a3ac2de","order_id":"ord-7071229064316872866","type":"CANCEL","symbol":"","side":""}}
{"event_type":"order_sent","timestamp":"2026-05-19T19:24:18.0322123+05:30","order_sent":{"request_id":"532e7164-285f-4955-a036-f040a40233e7","order_id":"","type":"MARKET","symbol":"MSFT","side":"SELL","quantity":49}}
{"event_type":"order_sent","timestamp":"2026-05-19T19:24:18.0322123+05:30","order_sent":{"request_id":"deb3e614-3744-4db9-9905-2c346d3edc1c","order_id":"","type":"LIMIT","symbol":"GOOG","side":"SELL","price":347.55,"quantity":80}}
{"event_type":"order_sent","timestamp":"2026-05-19T19:24:18.0322123+05:30","order_sent":{"request_id":"98716f76-beba-492b-ae59-0602cec79bf5","order_id":"","type":"LIMIT","symbol":"AMZN","side":"BUY","price":497.04,"quantity":76}}
{"event_type":"order_sent","timestamp":"2026-05-19T19:24:18.0322123+05:30","order_sent":{"request_id":"b5634261-7db5-429a-b087-d1e1f03ad3d2","order_id":"","type":"MARKET","symbol":"AMZN","side":"BUY","quantity":21}}
{"event_type":"order_sent","timestamp":"2026-05-19T19:24:18.0322123+05:30","order_sent":{"request_id":"042201fd-9608-41ef-a9ce-080e668e4ee4","order_id":"","type":"LIMIT","symbol":"AAPL","side":"SELL","price":386.86,"quantity":83}}
{"event_type":"order_sent","timestamp":"2026-05-19T19:24:18.0322123+05:30","order_sent":{"request_id":"5cb15252-55ea-45ac-8316-f25af3fdd855","order_id":"","type":"MARKET","symbol":"AMZN","side":"SELL","quantity":6}}
{"event_type":"order_sent","timestamp":"2026-05-19T19:24:18.0322123+05:30","order_sent":{"request_id":"afdf6f32-37a8-42df-afcd-71468581dbae","order_id":"","type":"MARKET","symbol":"AMZN","side":"SELL","quantity":1}}
{"event_type":"order_sent","timestamp":"2026-05-19T19:24:18.0327388+05:30","order_sent":{"request_id":"ace555f1-05e9-4c00-9da8-cd90a3708ea1","order_id":"","type":"LIMIT","symbol":"AMZN","side":"BUY","price":973.52,"quantity":31}}
{"event_type":"order_sent","timestamp":"2026-05-19T19:24:18.0327388+05:30","order_sent":{"request_id":"36392c20-5e17-471e-9dae-c83c96fa492a","order_id":"","type":"MARKET","symbol":"TSLA","side":"BUY","quantity":50}}
{"event_type":"order_sent","timestamp":"2026-05-19T19:24:18.0327388+05:30","order_sent":{"request_id":"012eb805-9600-4bfe-a24e-14eecb06f181","order_id":"","type":"LIMIT","symbol":"MSFT","side":"BUY","price":620.9,"quantity":3}}
{"event_type":"order_sent","timestamp":"2026-05-19T19:24:18.0327388+05:30","order_sent":{"request_id":"b1f4c5af-66ff-4660-acbd-8bb61d191b07","order_id":"ord-4963421823431379383","type":"CANCEL","symbol":"","side":""}}
{"event_type":"order_sent","timestamp":"2026-05-19T19:24:18.0327388+05:30","order_sent":{"request_id":"c4d7dd21-08fb-4a30-be66-ca038e9bcce2","order_id":"","type":"LIMIT","symbol":"MSFT","side":"SELL","price":271.24,"quantity":39}}
{"event_type":"order_sent","timestamp":"2026-05-19T19:24:18.0327388+05:30","order_sent":{"request_id":"6cd1d319-e8c9-4d93-89d8-afe020715a87","order_id":"","type":"LIMIT","symbol":"AMZN","side":"BUY","price":136.76,"quantity":80}}
{"event_type":"order_sent","timestamp":"2026-05-19T19:24:18.0327388+05:30","order_sent":{"request_id":"874cbb6d-28e9-4867-bd31-ad637d58e282","order_id":"","type":"MARKET","symbol":"AMZN","side":"BUY","quantity":49}}
{"event_type":"order_sent","timestamp":"2026-05-19T19:24:18.0327388+05:30","order_sent":{"request_id":"31e5cd44-296d-4f47-8873-463a596b09dc","order_id":"","type":"MARKET","symbol":"TSLA","side":"BUY","quantity":32}}
{"event_type":"order_sent","timestamp":"2026-05-19T19:24:18.0327388+05:30","order_sent":{"request_id":"c7f762a8-0cff-4676-b24f-18f53f98fcc4","order_id":"ord-3623110546930077971","type":"CANCEL","symbol":"","side":""}}
{"event_type":"order_sent","timestamp":"2026-05-19T19:24:18.0327388+05:30","order_sent":{"request_id":"c845989b-f3c2-4f8f-b878-48864fe01fbc","order_id":"","type":"MARKET","symbol":"AMZN","side":"SELL","quantity":27}}
{"event_type":"order_sent","timestamp":"2026-05-19T19:24:18.0327388+05:30","order_sent":{"request_id":"dc9a8fcf-06b2-4046-948f-70d652cfb26a","order_id":"","type":"MARKET","symbol":"AMZN","side":"SELL","quantity":42}}
{"event_type":"order_sent","timestamp":"2026-05-19T19:24:18.0327388+05:30","order_sent":{"request_id":"aa9c8ead-015e-4a4d-95da-a6274057ab8d","order_id":"","type":"MARKET","symbol":"AMZN","side":"SELL","quantity":12}}
{"event_type":"order_sent","timestamp":"2026-05-19T19:24:18.0327388+05:30","order_sent":{"request_id":"3e755f6f-0b91-43fd-8006-4b0e48ca6891","order_id":"","type":"MARKET","symbol":"MSFT","side":"BUY","quantity":32}}
{"event_type":"order_sent","timestamp":"2026-05-19T19:24:18.0327388+05:30","order_sent":{"request_id":"dd0b15d9-608f-4bc3-9836-67d3fc4a3a32","order_id":"","type":"MARKET","symbol":"AAPL","side":"SELL","quantity":27}}
{"event_type":"order_sent","timestamp":"2026-05-19T19:24:18.0322123+05:30","order_sent":{"request_id":"9fa54aa4-16d4-4479-99e1-f8c6ab6a5fad","order_id":"","type":"LIMIT","symbol":"AAPL","side":"BUY","price":447.79,"quantity":40}}
{"event_type":"order_sent","timestamp":"2026-05-19T19:24:18.0327388+05:30","order_sent":{"request_id":"256bd387-32bf-43b5-b8d0-d8cd720c6cc2","order_id":"","type":"LIMIT","symbol":"GOOG","side":"BUY","price":106.42,"quantity":21}}
{"event_type":"order_sent","timestamp":"2026-05-19T19:24:18.0327388+05:30","order_sent":{"request_id":"e90d78d1-fb80-4f5d-aea5-eb5effba9e3c","order_id":"ord-7019789664190228264","type":"CANCEL","symbol":"","side":""}}
{"event_type":"order_sent","timestamp":"2026-05-19T19:24:18.0327388+05:30","order_sent":{"request_id":"b1ef0cc4-6dc9-4939-9af8-0dc7f617c725","order_id":"","type":"LIMIT","symbol":"AAPL","side":"SELL","price":786.75,"quantity":50}}
{"event_type":"order_sent","timestamp":"2026-05-19T19:24:18.0327388+05:30","order_sent":{"request_id":"5aa699e6-668d-4455-98cb-0ae71e008e2f","order_id":"","type":"LIMIT","symbol":"MSFT","side":"SELL","price":244.8,"quantity":76}}
{"event_type":"order_sent","timestamp":"2026-05-19T19:24:18.0327388+05:30","order_sent":{"request_id":"3f5a151a-0ecd-4df3-ada2-1ac7d071fab0","order_id":"","type":"LIMIT","symbol":"MSFT","side":"BUY","price":470.67,"quantity":68}}
{"event_type":"order_sent","timestamp":"2026-05-19T19:24:18.0327388+05:30","order_sent":{"request_id":"8ccfb3c5-d113-45f2-a5a4-0ac07e126036","order_id":"ord-520229034965300903","type":"CANCEL","symbol":"","side":""}}
{"event_type":"order_sent","timestamp":"2026-05-19T19:24:18.0327388+05:30","order_sent":{"request_id":"37c01440-a03e-4897-85fc-587015f34414","order_id":"","type":"MARKET","symbol":"GOOG","side":"SELL","quantity":40}}
{"event_type":"order_sent","timestamp":"2026-05-19T19:24:18.0327388+05:30","order_sent":{"request_id":"5e4c73d5-8f7f-4fa0-9ac7-51033a89e17a","order_id":"","type":"LIMIT","symbol":"MSFT","side":"BUY","price":558.92,"quantity":9}}
{"event_type":"order_sent","timestamp":"2026-05-19T19:24:18.0327388+05:30","order_sent":{"request_id":"e7f0875a-414e-42a1-9c4a-d6d130921395","order_id":"","type":"LIMIT","symbol":"GOOG","side":"SELL","price":332.64,"quantity":24}}
{"event_type":"order_sent","timestamp":"2026-05-19T19:24:18.0327388+05:30","order_sent":{"request_id":"7e9d3054-7def-4284-9bf5-0eaeb9d97a68","order_id":"","type":"LIMIT","symbol":"TSLA","side":"SELL","price":874.56,"quantity":48}}
{"event_type":"order_sent","timestamp":"2026-05-19T19:24:18.0327388+05:30","order_sent":{"request_id":"0abd3c15-0105-4347-baef-86a0f8ac0ba2","order_id":"","type":"LIMIT","symbol":"AAPL","side":"BUY","price":584.38,"quantity":41}}
{"event_type":"order_sent","timestamp":"2026-05-19T19:24:18.0327388+05:30","order_sent":{"request_id":"af478838-5b70-4a6a-b469-841af2fdebcb","order_id":"","type":"LIMIT","symbol":"AAPL","side":"BUY","price":290,"quantity":69}}
{"event_type":"order_sent","timestamp":"2026-05-19T19:24:18.0327388+05:30","order_sent":{"request_id":"4902891c-0e2b-4754-a0b4-13a12b7f91e5","order_id":"","type":"MARKET","symbol":"AAPL","side":"SELL","quantity":18}}
{"event_type":"order_sent","timestamp":"2026-05-19T19:24:18.0327388+05:30","order_sent":{"request_id":"6e416e2f-2c70-4ac1-81fd-2a25a893847a","order_id":"","type":"LIMIT","symbol":"AMZN","side":"SELL","price":746.46,"quantity":14}}
{"event_type":"order_sent","timestamp":"2026-05-19T19:24:18.0327388+05:30","order_sent":{"request_id":"4b83cd17-f9cf-4a58-b900-fc129c751232","order_id":"ord-1958774241855545360","type":"CANCEL","symbol":"","side":""}}
{"event_type":"order_sent","timestamp":"2026-05-19T19:24:18.0327388+05:30","order_sent":{"request_id":"25f95450-4dd0-49c7-991b-3eb9e604e709","order_id":"","type":"LIMIT","symbol":"MSFT","side":"BUY","price":772.78,"quantity":40}}
{"event_type":"order_sent","timestamp":"2026-05-19T19:24:18.0327388+05:30","order_sent":{"request_id":"ba61911a-ea3a-4ab9-adba-edfeb1e8798d","order_id":"","type":"LIMIT","symbol":"AAPL","side":"SELL","price":495.46,"quantity":30}}
{"event_type":"order_sent","timestamp":"2026-05-19T19:24:18.0327388+05:30","order_sent":{"request_id":"4d5b01a2-f207-4973-b871-ced87f898cf6","order_id":"","type":"MARKET","symbol":"AAPL","side":"BUY","quantity":34}}
{"event_type":"order_sent","timestamp":"2026-05-19T19:24:18.0327388+05:30","order_sent":{"request_id":"43ba99ad-074c-4f52-a334-d8246c82d4cb","order_id":"","type":"LIMIT","symbol":"AMZN","side":"SELL","price":998.45,"quantity":3}}
{"event_type":"order_sent","timestamp":"2026-05-19T19:24:18.0327388+05:30","order_sent":{"request_id":"c2f4c3b0-498a-4e8c-a090-21ca7d5bfd37","order_id":"ord-5726376611948208886","type":"CANCEL","symbol":"","side":""}}
{"event_type":"order_sent","timestamp":"2026-05-19T19:24:18.0327388+05:30","order_sent":{"request_id":"08e25f6b-3fe1-4e5d-be62-b57141815560","order_id":"","type":"LIMIT","symbol":"MSFT","side":"BUY","price":569.34,"quantity":20}}
{"event_type":"order_sent","timestamp":"2026-05-19T19:24:18.0327388+05:30","order_sent":{"request_id":"a935c8be-0ba0-4504-9dbf-5042b556eeb5","order_id":"","type":"LIMIT","symbol":"GOOG","side":"SELL","price":749.94,"quantity":32}}
{"event_type":"order_sent","timestamp":"2026-05-19T19:24:18.0327388+05:30","order_sent":{"request_id":"b28b0857-1b35-47f4-87a8-148c2861d0c6","order_id":"ord-1739975123195404634","type":"CANCEL","symbol":"","side":""}}
{"event_type":"order_sent","timestamp":"2026-05-19T19:24:18.0327388+05:30","order_sent":{"request_id":"51180c66-b755-4218-86b6-457b0145d5c0","order_id":"ord-1010991984873907417","type":"CANCEL","symbol":"","side":""}}
{"event_type":"order_sent","timestamp":"2026-05-19T19:24:18.0327388+05:30","order_sent":{"request_id":"bfba8b17-c20f-48b7-82d7-a9825fde28be","order_id":"","type":"LIMIT","symbol":"AMZN","side":"BUY","price":628.63,"quantity":99}}
{"event_type":"order_sent","timestamp":"2026-05-19T19:24:18.0327388+05:30","order_sent":{"request_id":"c3f60726-3418-4162-876a-ba9c9c3ea680","order_id":"ord-8686616116223245866","type":"CANCEL","symbol":"","side":""}}
{"event_type":"order_acked","timestamp":"2026-05-19T19:24:18.0699146+05:30","order_acked":{"request_id":"afdf6f32-37a8-42df-afcd-71468581dbae","status_code":201}}
{"event_type":"order_acked","timestamp":"2026-05-19T19:24:18.0709307+05:30","order_acked":{"request_id":"8ccfb3c5-d113-45f2-a5a4-0ac07e126036","status_code":200}}
{"event_type":"order_acked","timestamp":"2026-05-19T19:24:18.0789585+05:30","order_acked":{"request_id":"e7fbef28-60bb-45b7-8b41-151c952ed644","status_code":200}}
{"event_type":"order_acked","timestamp":"2026-05-19T19:24:18.0958522+05:30","order_acked":{"request_id":"c3f60726-3418-4162-876a-ba9c9c3ea680","status_code":200}}
{"event_type":"order_acked","timestamp":"2026-05-19T19:24:18.099677+05:30","order_acked":{"request_id":"3f5a151a-0ecd-4df3-ada2-1ac7d071fab0","status_code":201}}
{"event_type":"order_acked","timestamp":"2026-05-19T19:24:18.1003016+05:30","order_acked":{"request_id":"05d78788-9d4c-419c-b731-6b414e35c9f2","status_code":201}}
{"event_type":"order_acked","timestamp":"2026-05-19T19:24:18.1041487+05:30","order_acked":{"request_id":"b04e6aee-287c-4f9e-9ee9-2f2d61be21c4","status_code":201}}
{"event_type":"execution_report","timestamp":"2026-05-19T19:24:18.1105841+05:30","execution":{"order_id":"6250e73b-6f1a-4f65-9ebf-d9151a6c6113","symbol":"MSFT","side":"BUY","status":"filled","filled_qty":41,"leaves_qty":0,"price":770.38,"timestamp":"2026-05-19T13:54:18Z","match_id":"5637c118-3a4d-4e19-bade-8adb46ffdad0"}}
{"event_type":"execution_report","timestamp":"2026-05-19T19:24:18.1112432+05:30","execution":{"order_id":"2fb7bee2-74d9-4437-a7ac-a80a4ca77323","symbol":"MSFT","side":"BUY","status":"filled","filled_qty":68,"leaves_qty":0,"price":470.67,"timestamp":"2026-05-19T13:54:18Z","match_id":"8871a67d-e732-4147-a632-c8c35052fa09"}}
{"event_type":"order_acked","timestamp":"2026-05-19T19:24:18.1139707+05:30","order_acked":{"request_id":"eaafec54-3ca9-4750-9a07-5371de9877fe","status_code":201}}
{"event_type":"execution_report","timestamp":"2026-05-19T19:24:18.1139707+05:30","execution":{"order_id":"e91a386d-45dc-4d87-84bc-b7d21e1c7fc3","symbol":"GOOG","side":"SELL","status":"filled","filled_qty":60,"leaves_qty":0,"price":909.65,"timestamp":"2026-05-19T13:54:18Z","match_id":"aab01757-1fe5-497a-aa30-9807750eea31"}}
{"event_type":"order_acked","timestamp":"2026-05-19T19:24:18.1178402+05:30","order_acked":{"request_id":"7c63dad6-50d2-474a-8722-fba1f6158a8d","status_code":201}}
{"event_type":"execution_report","timestamp":"2026-05-19T19:24:18.1178402+05:30","execution":{"order_id":"21f5aafe-5ce7-4522-a988-039ca364cd8c","symbol":"AAPL","side":"BUY","status":"filled","filled_qty":92,"leaves_qty":0,"price":749.65,"timestamp":"2026-05-19T13:54:18Z","match_id":"eb5555e1-769e-45cf-97ce-9842afb1537e"}}
{"event_type":"order_acked","timestamp":"2026-05-19T19:24:18.1250256+05:30","order_acked":{"request_id":"a049d0a6-9699-4f6b-a257-8bc94a305603","status_code":201}}
{"event_type":"order_acked","timestamp":"2026-05-19T19:24:18.1261675+05:30","order_acked":{"request_id":"ace555f1-05e9-4c00-9da8-cd90a3708ea1","status_code":201}}
{"event_type":"order_acked","timestamp":"2026-05-19T19:24:18.1288445+05:30","order_acked":{"request_id":"d9af9264-3bbf-42d9-a030-46e0f228726e","status_code":201}}
{"event_type":"order_acked","timestamp":"2026-05-19T19:24:18.1306652+05:30","order_acked":{"request_id":"4d5b01a2-f207-4973-b871-ced87f898cf6","status_code":201}}
{"event_type":"order_acked","timestamp":"2026-05-19T19:24:18.1341059+05:30","order_acked":{"request_id":"acd87d0f-08fc-4a1b-a1d1-78e16643a305","status_code":201}}
{"event_type":"execution_report","timestamp":"2026-05-19T19:24:18.1341059+05:30","execution":{"order_id":"ee4329a7-ccdc-4f7b-a8fb-66feb6a86854","symbol":"AMZN","side":"BUY","status":"filled","filled_qty":31,"leaves_qty":0,"price":973.52,"timestamp":"2026-05-19T13:54:18Z","match_id":"aa5f31c4-8109-4b2e-80b2-750e7c6365d5"}}
{"event_type":"execution_report","timestamp":"2026-05-19T19:24:18.1358835+05:30","execution":{"order_id":"17c250a8-42b0-4ab7-b84b-7ea99cabf8f3","symbol":"MSFT","side":"BUY","status":"filled","filled_qty":57,"leaves_qty":0,"price":968.07,"timestamp":"2026-05-19T13:54:18Z","match_id":"296e74ab-1c91-447f-acb5-e96ec930937a"}}
{"event_type":"order_acked","timestamp":"2026-05-19T19:24:18.1375366+05:30","order_acked":{"request_id":"1d3d83fd-5c91-481b-8e0d-0c12dbc6f0a2","status_code":201}}
{"event_type":"order_acked","timestamp":"2026-05-19T19:24:18.1398979+05:30","order_acked":{"request_id":"f88383cf-bd04-44f2-b45e-eab8439cf9fc","status_code":201}}
{"event_type":"execution_report","timestamp":"2026-05-19T19:24:18.142631+05:30","execution":{"order_id":"d746f551-3baf-4aee-b953-7eac471febec","symbol":"AMZN","side":"BUY","status":"filled","filled_qty":85,"leaves_qty":0,"price":829.16,"timestamp":"2026-05-19T13:54:18Z","match_id":"4dc1d085-be11-4507-b3e4-ce8d96cf1d60"}}
{"event_type":"execution_report","timestamp":"2026-05-19T19:24:18.1449534+05:30","execution":{"order_id":"8ad7f7f6-1f77-4dd2-aa6f-75de8cda143c","symbol":"TSLA","side":"SELL","status":"filled","filled_qty":59,"leaves_qty":0,"price":735.53,"timestamp":"2026-05-19T13:54:18Z","match_id":"99cc4bfe-21ff-46f6-bc28-cdc8dbbed540"}}
{"event_type":"execution_report","timestamp":"2026-05-19T19:24:18.1477042+05:30","execution":{"order_id":"831272c2-1613-43c7-bf1d-3149ec020612","symbol":"TSLA","side":"SELL","status":"filled","filled_qty":40,"leaves_qty":0,"price":675.47,"timestamp":"2026-05-19T13:54:18Z","match_id":"1184c92d-049d-4592-84b5-1222a321506d"}}
{"event_type":"order_acked","timestamp":"2026-05-19T19:24:18.1482601+05:30","order_acked":{"request_id":"52324cf7-7913-43ae-b57b-de4652f920bb","status_code":201}}
{"event_type":"order_acked","timestamp":"2026-05-19T19:24:18.1493453+05:30","order_acked":{"request_id":"36392c20-5e17-471e-9dae-c83c96fa492a","status_code":201}}
{"event_type":"order_acked","timestamp":"2026-05-19T19:24:18.151563+05:30","order_acked":{"request_id":"98422115-0ba0-4606-8c38-1e3fbf9db97f","status_code":201}}
{"event_type":"execution_report","timestamp":"2026-05-19T19:24:18.153857+05:30","execution":{"order_id":"c39455b3-8d26-4d07-ba84-a538449a0c27","symbol":"MSFT","side":"BUY","status":"filled","filled_qty":46,"leaves_qty":0,"price":143.23,"timestamp":"2026-05-19T13:54:18Z","match_id":"e642faad-b0ca-48a7-9152-2ca61960236e"}}
{"event_type":"order_acked","timestamp":"2026-05-19T19:24:18.153857+05:30","order_acked":{"request_id":"d928d691-aeae-4ba2-a2a6-9aa636334379","status_code":201}}
{"event_type":"order_acked","timestamp":"2026-05-19T19:24:18.1577987+05:30","order_acked":{"request_id":"fc5dbb3d-5bff-4c2b-8fdf-c99a28657e46","status_code":201}}
{"event_type":"order_acked","timestamp":"2026-05-19T19:24:18.1595515+05:30","order_acked":{"request_id":"e64dcc84-9d82-44b0-a580-3bb9d231e202","status_code":201}}
{"event_type":"order_acked","timestamp":"2026-05-19T19:24:18.1611724+05:30","order_acked":{"request_id":"08e25f6b-3fe1-4e5d-be62-b57141815560","status_code":201}}
{"event_type":"order_acked","timestamp":"2026-05-19T19:24:18.1630264+05:30","order_acked":{"request_id":"3e1021b9-e468-4e7f-808e-658f7fec7e3a","status_code":201}}
{"event_type":"order_acked","timestamp":"2026-05-19T19:24:18.1657742+05:30","order_acked":{"request_id":"655fe181-42b6-4a0f-b485-781315f73fb8","status_code":201}}
{"event_type":"execution_report","timestamp":"2026-05-19T19:24:18.1663131+05:30","execution":{"order_id":"df3f7c27-5515-42a0-a110-a780db8b8084","symbol":"MSFT","side":"BUY","status":"filled","filled_qty":20,"leaves_qty":0,"price":569.34,"timestamp":"2026-05-19T13:54:18Z","match_id":"c2acdae0-5ba6-487b-b379-9342798ed292"}}
{"event_type":"order_acked","timestamp":"2026-05-19T19:24:18.168006+05:30","order_acked":{"request_id":"37c01440-a03e-4897-85fc-587015f34414","status_code":201}}
{"event_type":"order_acked","timestamp":"2026-05-19T19:24:18.1685838+05:30","order_acked":{"request_id":"25f95450-4dd0-49c7-991b-3eb9e604e709","status_code":201}}
{"event_type":"execution_report","timestamp":"2026-05-19T19:24:18.1685838+05:30","execution":{"order_id":"f60f7c8e-1bdb-46bd-826c-0a79cd655d7a","symbol":"GOOG","side":"SELL","status":"filled","filled_qty":32,"leaves_qty":0,"price":966.42,"timestamp":"2026-05-19T13:54:18Z","match_id":"f1f03182-188e-4e94-ba33-d9a1578c89eb"}}
{"event_type":"execution_report","timestamp":"2026-05-19T19:24:18.1724714+05:30","execution":{"order_id":"34dfb725-e3a6-435b-badb-3ee7be6993eb","symbol":"MSFT","side":"BUY","status":"filled","filled_qty":40,"leaves_qty":0,"price":772.78,"timestamp":"2026-05-19T13:54:18Z","match_id":"c504d553-d8fa-4228-85d3-a68a409b4d37"}}
{"event_type":"order_acked","timestamp":"2026-05-19T19:24:18.1769492+05:30","order_acked":{"request_id":"5d9a72b9-9cca-45b8-a611-3e2fc534c252","status_code":201}}
{"event_type":"order_acked","timestamp":"2026-05-19T19:24:18.1791805+05:30","order_acked":{"request_id":"ff5b21e5-7a5a-497e-abc4-cbc472b7891d","status_code":201}}
{"event_type":"order_acked","timestamp":"2026-05-19T19:24:18.1802921+05:30","order_acked":{"request_id":"b1ef0cc4-6dc9-4939-9af8-0dc7f617c725","status_code":201}}
{"event_type":"order_acked","timestamp":"2026-05-19T19:24:18.1871943+05:30","order_acked":{"request_id":"874cbb6d-28e9-4867-bd31-ad637d58e282","status_code":201}}
{"event_type":"execution_report","timestamp":"2026-05-19T19:24:18.1871943+05:30","execution":{"order_id":"f048795a-2aeb-40b3-bd82-0be7ca7123bd","symbol":"AAPL","side":"SELL","status":"filled","filled_qty":50,"leaves_qty":0,"price":786.75,"timestamp":"2026-05-19T13:54:18Z","match_id":"61a197a4-6653-4869-9a5a-fbb08f0ab9c3"}}
{"event_type":"execution_report","timestamp":"2026-05-19T19:24:18.1871943+05:30","execution":{"order_id":"7e2a9631-b881-4bed-aab6-b69be2fbe153","symbol":"MSFT","side":"SELL","status":"filled","filled_qty":8,"leaves_qty":0,"price":242.95,"timestamp":"2026-05-19T13:54:18Z","match_id":"93535d79-dd65-4247-a593-cd38d0564d0e"}}
{"event_type":"execution_report","timestamp":"2026-05-19T19:24:18.1883313+05:30","execution":{"order_id":"008c0485-c797-4635-9cc7-a6547c3c2d9f","symbol":"MSFT","side":"BUY","status":"filled","filled_qty":60,"leaves_qty":0,"price":502.9,"timestamp":"2026-05-19T13:54:18Z","match_id":"96d0f786-b6d4-4fad-8057-eeeae05a249c"}}
{"event_type":"order_acked","timestamp":"2026-05-19T19:24:18.1894405+05:30","order_acked":{"request_id":"bfba8b17-c20f-48b7-82d7-a9825fde28be","status_code":201}}
{"event_type":"order_acked","timestamp":"2026-05-19T19:24:18.1910632+05:30","order_acked":{"request_id":"0738af13-482e-4344-b4c4-212488774490","status_code":201}}
{"event_type":"order_acked","timestamp":"2026-05-19T19:24:18.1921647+05:30","order_acked":{"request_id":"216dd7a7-1ed7-4c54-a419-c84ddaac92a8","status_code":201}}
{"event_type":"execution_report","timestamp":"2026-05-19T19:24:18.1927377+05:30","execution":{"order_id":"4571daa6-3e6c-49b9-8a67-a543b194d459","symbol":"AMZN","side":"BUY","status":"filled","filled_qty":99,"leaves_qty":0,"price":628.63,"timestamp":"2026-05-19T13:54:18Z","match_id":"e61c4515-1567-467f-b73f-4bf95133b6f7"}}
{"event_type":"execution_report","timestamp":"2026-05-19T19:24:18.1950262+05:30","execution":{"order_id":"67d2e84e-c6ae-4cfd-8485-48c809588ab8","symbol":"GOOG","side":"BUY","status":"filled","filled_qty":65,"leaves_qty":0,"price":392.53,"timestamp":"2026-05-19T13:54:18Z","match_id":"c1e36a08-18ef-4fa9-bdc3-ba9849c27563"}}
{"event_type":"order_acked","timestamp":"2026-05-19T19:24:18.1972295+05:30","order_acked":{"request_id":"012eb805-9600-4bfe-a24e-14eecb06f181","status_code":201}}
{"event_type":"execution_report","timestamp":"2026-05-19T19:24:18.1983829+05:30","execution":{"order_id":"db3bec0b-4c79-492e-85c3-3d7315adff1b","symbol":"MSFT","side":"SELL","status":"filled","filled_qty":83,"leaves_qty":0,"price":802.88,"timestamp":"2026-05-19T13:54:18Z","match_id":"e6d0a297-017b-4854-82e4-8bdb2349e83d"}}
{"event_type":"order_acked","timestamp":"2026-05-19T19:24:18.2011388+05:30","order_acked":{"request_id":"109f16de-9159-48c8-9635-1342918b23bc","status_code":201}}
{"event_type":"execution_report","timestamp":"2026-05-19T19:24:18.2044709+05:30","execution":{"order_id":"c5c57ee4-a2ec-4d81-a459-4d04a4a2c1bd","symbol":"MSFT","side":"BUY","status":"filled","filled_qty":3,"leaves_qty":0,"price":620.9,"timestamp":"2026-05-19T13:54:18Z","match_id":"b4f343c3-99c8-42f9-a1b5-d0a252918057"}}
{"event_type":"order_acked","timestamp":"2026-05-19T19:24:18.2055277+05:30","order_acked":{"request_id":"ea8bfe9d-61ee-4f19-a1fa-9547cee9ad94","status_code":201}}
{"event_type":"order_acked","timestamp":"2026-05-19T19:24:18.2094613+05:30","order_acked":{"request_id":"c4d7dd21-08fb-4a30-be66-ca038e9bcce2","status_code":201}}
{"event_type":"order_acked","timestamp":"2026-05-19T19:24:18.2115959+05:30","order_acked":{"request_id":"31e5cd44-296d-4f47-8873-463a596b09dc","status_code":201}}
{"event_type":"order_acked","timestamp":"2026-05-19T19:24:18.2135541+05:30","order_acked":{"request_id":"77b67afc-a9a5-4a39-adc7-052efd45654a","status_code":201}}
{"event_type":"order_acked","timestamp":"2026-05-19T19:24:18.2158141+05:30","order_acked":{"request_id":"b28b0857-1b35-47f4-87a8-148c2861d0c6","status_code":200}}
{"event_type":"order_acked","timestamp":"2026-05-19T19:24:18.2182924+05:30","order_acked":{"request_id":"eab0ff21-dc64-45c9-9059-3e3dfe63c11d","status_code":200}}
{"event_type":"execution_report","timestamp":"2026-05-19T19:24:18.2271581+05:30","execution":{"order_id":"a330908d-751d-43bf-aa52-c88da05fcec1","symbol":"GOOG","side":"BUY","status":"filled","filled_qty":89,"leaves_qty":0,"price":817.2,"timestamp":"2026-05-19T13:54:18Z","match_id":"af7eeed7-3dce-4a3e-a04c-678c93da42ca"}}
{"event_type":"execution_report","timestamp":"2026-05-19T19:24:18.2283248+05:30","execution":{"order_id":"1b5690d4-c02a-40dd-9ab2-e40676e7eb01","symbol":"TSLA","side":"BUY","status":"filled","filled_qty":89,"leaves_qty":0,"price":969.73,"timestamp":"2026-05-19T13:54:18Z","match_id":"0daadf3c-b99b-4b14-b205-a6916f4c78c1"}}
{"event_type":"execution_report","timestamp":"2026-05-19T19:24:18.2309557+05:30","execution":{"order_id":"982cc619-98ce-447c-a641-322ce9a5ad83","symbol":"MSFT","side":"SELL","status":"filled","filled_qty":39,"leaves_qty":0,"price":271.24,"timestamp":"2026-05-19T13:54:18Z","match_id":"8dfdaeef-d4c7-412c-9469-5933c030243f"}}
{"event_type":"order_acked","timestamp":"2026-05-19T19:24:18.252682+05:30","order_acked":{"request_id":"0efafdfc-04db-4046-a8aa-483659674d75","status_code":201}}
{"event_type":"order_acked","timestamp":"2026-05-19T19:24:18.2661393+05:30","order_acked":{"request_id":"4fd93e86-69ad-4898-a838-8c8df00b6164","status_code":201}}
{"event_type":"order_acked","timestamp":"2026-05-19T19:24:18.2714725+05:30","order_acked":{"request_id":"b1f4c5af-66ff-4660-acbd-8bb61d191b07","status_code":200}}
{"event_type":"order_acked","timestamp":"2026-05-19T19:24:18.2735412+05:30","order_acked":{"request_id":"4902891c-0e2b-4754-a0b4-13a12b7f91e5","status_code":201}}
{"event_type":"execution_report","timestamp":"2026-05-19T19:24:18.2735412+05:30","execution":{"order_id":"d6ce95ec-3f75-4461-99e6-d3d2d997a55c","symbol":"TSLA","side":"BUY","status":"filled","filled_qty":32,"leaves_qty":0,"price":140.48,"timestamp":"2026-05-19T13:54:18Z","match_id":"c89ea480-bbf0-4a48-8b2d-c1d558255da0"}}
{"event_type":"order_acked","timestamp":"2026-05-19T19:24:18.2926578+05:30","order_acked":{"request_id":"43ba99ad-074c-4f52-a334-d8246c82d4cb","status_code":201}}
{"event_type":"order_acked","timestamp":"2026-05-19T19:24:18.2943617+05:30","order_acked":{"request_id":"ce164755-7093-44ba-a130-c789c21bbdf4","status_code":200}}
{"event_type":"execution_report","timestamp":"2026-05-19T19:24:18.297626+05:30","execution":{"order_id":"2eb1d478-b6b4-4a07-82bf-e39ed0f6f655","symbol":"AMZN","side":"SELL","status":"filled","filled_qty":3,"leaves_qty":0,"price":998.45,"timestamp":"2026-05-19T13:54:18Z","match_id":"b97c57ca-4286-4602-b990-4cbb7237f38e"}}
{"event_type":"order_acked","timestamp":"2026-05-19T19:24:18.2981467+05:30","order_acked":{"request_id":"c7c08b37-8437-4210-bfe7-27a6fcd251d2","status_code":201}}
{"event_type":"execution_report","timestamp":"2026-05-19T19:24:18.3004146+05:30","execution":{"order_id":"c4782707-2bc8-413a-9722-da25dce37ff8","symbol":"MSFT","side":"SELL","status":"filled","filled_qty":15,"leaves_qty":0,"price":283.8,"timestamp":"2026-05-19T13:54:18Z","match_id":"4d827559-0d49-4899-bea2-1bc40804ab50"}}
{"event_type":"order_acked","timestamp":"2026-05-19T19:24:18.3058908+05:30","order_acked":{"request_id":"e243e349-ad80-43cc-b14a-cca6cf2a6e36","status_code":201}}
{"event_type":"execution_report","timestamp":"2026-05-19T19:24:18.3070896+05:30","execution":{"order_id":"f86f3c04-ae70-4fb9-b610-26d4e4f2b834","symbol":"MSFT","side":"SELL","status":"filled","filled_qty":41,"leaves_qty":0,"price":437.61,"timestamp":"2026-05-19T13:54:18Z","match_id":"f29d5a4d-b81f-4346-b7e9-2652b23870f4"}}
{"event_type":"order_acked","timestamp":"2026-05-19T19:24:18.313237+05:30","order_acked":{"request_id":"2f610c09-102d-466b-81f6-0faf8198be54","status_code":201}}
{"event_type":"order_acked","timestamp":"2026-05-19T19:24:18.318362+05:30","order_acked":{"request_id":"0abd3c15-0105-4347-baef-86a0f8ac0ba2","status_code":201}}
{"event_type":"order_acked","timestamp":"2026-05-19T19:24:18.3216824+05:30","order_acked":{"request_id":"955d31fd-3d7b-42f4-8ad6-8d2fe255ea61","status_code":200}}
{"event_type":"execution_report","timestamp":"2026-05-19T19:24:18.3233844+05:30","execution":{"order_id":"a5b79e9d-123c-4619-b4b8-10668eb4f7a6","symbol":"AAPL","side":"BUY","status":"filled","filled_qty":41,"leaves_qty":0,"price":584.38,"timestamp":"2026-05-19T13:54:18Z","match_id":"3dd52042-a4d7-49df-a4cb-9cd2c038c23b"}}
{"event_type":"order_acked","timestamp":"2026-05-19T19:24:18.3277856+05:30","order_acked":{"request_id":"98716f76-beba-492b-ae59-0602cec79bf5","status_code":201}}
{"event_type":"order_acked","timestamp":"2026-05-19T19:24:18.3289022+05:30","order_acked":{"request_id":"7086092d-cc23-4760-a51b-f8a370d6fd45","status_code":201}}
{"event_type":"execution_report","timestamp":"2026-05-19T19:24:18.333315+05:30","execution":{"order_id":"ab44fe7e-c6b0-492e-9fd7-a41931b8bdd2","symbol":"AMZN","side":"BUY","status":"filled","filled_qty":76,"leaves_qty":0,"price":497.04,"timestamp":"2026-05-19T13:54:18Z","match_id":"52c522dc-b92c-40ec-8624-5e1fadb3f848"}}
{"event_type":"order_acked","timestamp":"2026-05-19T19:24:18.3411416+05:30","order_acked":{"request_id":"b5634261-7db5-429a-b087-d1e1f03ad3d2","status_code":201}}
{"event_type":"order_acked","timestamp":"2026-05-19T19:24:18.3432397+05:30","order_acked":{"request_id":"bae95386-1370-4935-af1e-78c71a3ac2de","status_code":200}}
{"event_type":"order_acked","timestamp":"2026-05-19T19:24:18.3466+05:30","order_acked":{"request_id":"e90d78d1-fb80-4f5d-aea5-eb5effba9e3c","status_code":200}}
{"event_type":"order_acked","timestamp":"2026-05-19T19:24:18.3488732+05:30","order_acked":{"request_id":"ed8009e4-cc36-4193-8f39-2954942ad114","status_code":200}}
{"event_type":"order_acked","timestamp":"2026-05-19T19:24:18.3574797+05:30","order_acked":{"request_id":"dd0b15d9-608f-4bc3-9836-67d3fc4a3a32","status_code":201}}
{"event_type":"execution_report","timestamp":"2026-05-19T19:24:18.3663427+05:30","execution":{"order_id":"c7929e7b-7eec-46e6-8ec3-ba815e5dfc23","symbol":"AAPL","side":"BUY","status":"filled","filled_qty":40,"leaves_qty":0,"price":447.79,"timestamp":"2026-05-19T13:54:18Z","match_id":"11d1185b-fb8a-43aa-b64f-a42b314f4441"}}
{"event_type":"order_acked","timestamp":"2026-05-19T19:24:18.3759748+05:30","order_acked":{"request_id":"a43adb52-a420-4f0a-b7f8-eb44e133f530","status_code":201}}
{"event_type":"order_acked","timestamp":"2026-05-19T19:24:18.3787387+05:30","order_acked":{"request_id":"9fa54aa4-16d4-4479-99e1-f8c6ab6a5fad","status_code":201}}
{"event_type":"order_acked","timestamp":"2026-05-19T19:24:18.3809279+05:30","order_acked":{"request_id":"c2f4c3b0-498a-4e8c-a090-21ca7d5bfd37","status_code":200}}
{"event_type":"execution_report","timestamp":"2026-05-19T19:24:18.3819997+05:30","execution":{"order_id":"cd07611a-cd51-4219-85ca-40556acd582d","symbol":"GOOG","side":"BUY","status":"filled","filled_qty":11,"leaves_qty":0,"price":759.98,"timestamp":"2026-05-19T13:54:18Z","match_id":"614c7972-ef06-4367-a11b-082dea053bf5"}}
{"event_type":"order_acked","timestamp":"2026-05-19T19:24:18.3831296+05:30","order_acked":{"request_id":"e04e712e-dbda-419a-ae38-0db26370eba8","status_code":201}}
{"event_type":"order_acked","timestamp":"2026-05-19T19:24:18.386975+05:30","order_acked":{"request_id":"58592d62-f05f-4935-9c00-87d5062970c9","status_code":201}}
{"event_type":"order_acked","timestamp":"2026-05-19T19:24:18.3880894+05:30","order_acked":{"request_id":"5cb15252-55ea-45ac-8316-f25af3fdd855","status_code":201}}
{"event_type":"order_acked","timestamp":"2026-05-19T19:24:18.402166+05:30","order_acked":{"request_id":"3e755f6f-0b91-43fd-8006-4b0e48ca6891","status_code":201}}
{"event_type":"order_acked","timestamp":"2026-05-19T19:24:18.4082052+05:30","order_acked":{"request_id":"953d6dd5-036d-4f5e-966b-1118028f9bc8","status_code":201}}
{"event_type":"execution_report","timestamp":"2026-05-19T19:24:18.4143859+05:30","execution":{"order_id":"607efae5-745d-4608-9438-80fa1514947c","symbol":"GOOG","side":"SELL","status":"filled","filled_qty":43,"leaves_qty":0,"price":760.54,"timestamp":"2026-05-19T13:54:18Z","match_id":"1ddf2e4c-717b-4a9c-90c2-8123dcda718e"}}
{"event_type":"execution_report","timestamp":"2026-05-19T19:24:18.419777+05:30","execution":{"order_id":"6250feba-bf70-4545-ad36-92adbfcce49b","symbol":"AMZN","side":"SELL","status":"filled","filled_qty":79,"leaves_qty":0,"price":460.6,"timestamp":"2026-05-19T13:54:18Z","match_id":"e1d114c3-22fc-42d6-b205-b362978df62a"}}
{"event_type":"order_acked","timestamp":"2026-05-19T19:24:18.4208807+05:30","order_acked":{"request_id":"fe415bea-11ef-45a4-9a34-751a1723e302","status_code":201}}
{"event_type":"order_acked","timestamp":"2026-05-19T19:24:18.4244518+05:30","order_acked":{"request_id":"51180c66-b755-4218-86b6-457b0145d5c0","status_code":200}}
{"event_type":"execution_report","timestamp":"2026-05-19T19:24:18.4262008+05:30","execution":{"order_id":"dbc7b26b-9920-4aad-9928-8ee65276e019","symbol":"AAPL","side":"BUY","status":"filled","filled_qty":69,"leaves_qty":0,"price":290,"timestamp":"2026-05-19T13:54:18Z","match_id":"f0f61279-01dd-4358-838a-918ec9e06563"}}
{"event_type":"order_acked","timestamp":"2026-05-19T19:24:18.4273082+05:30","order_acked":{"request_id":"af478838-5b70-4a6a-b469-841af2fdebcb","status_code":201}}
{"event_type":"order_acked","timestamp":"2026-05-19T19:24:18.4318139+05:30","order_acked":{"request_id":"a935c8be-0ba0-4504-9dbf-5042b556eeb5","status_code":201}}
{"event_type":"order_acked","timestamp":"2026-05-19T19:24:18.4334567+05:30","order_acked":{"request_id":"3902c185-f188-4e78-be31-6428ddfd34ea","status_code":201}}
