{"event_type":"order_sent","timestamp":"2026-05-19T18:38:26.0102916+05:30","order_sent":{"request_id":"c9d654c0-5b5c-4c60-a251-6334e7a31683","order_id":"ord-1440183278131276028","type":"CANCEL","symbol":"","side":""}}
{"event_type":"order_sent","timestamp":"2026-05-19T18:38:26.0102916+05:30","order_sent":{"request_id":"76118802-c51f-4c09-ab2d-c9112374e23f","order_id":"","type":"MARKET","symbol":"AMZN","side":"BUY","quantity":43}}
{"event_type":"order_sent","timestamp":"2026-05-19T18:38:26.0102916+05:30","order_sent":{"request_id":"ef5b2854-481f-4dd2-93df-0e918685b5fc","order_id":"ord-4033423870132344100","type":"CANCEL","symbol":"","side":""}}
{"event_type":"order_sent","timestamp":"2026-05-19T18:38:26.0114698+05:30","order_sent":{"request_id":"db8e1f27-9aac-48f0-b032-cb4a37419774","order_id":"","type":"LIMIT","symbol":"AMZN","side":"SELL","price":559.84,"quantity":45}}
{"event_type":"order_sent","timestamp":"2026-05-19T18:38:26.0114698+05:30","order_sent":{"request_id":"29ddf40f-7164-4ebd-8c7c-d48ad534ce29","order_id":"ord-4650161646665457127","type":"CANCEL","symbol":"","side":""}}
{"event_type":"order_sent","timestamp":"2026-05-19T18:38:26.0114698+05:30","order_sent":{"request_id":"e9cedbcd-cae1-4f5d-92c4-897af3dd4b85","order_id":"ord-3018249186847858950","type":"CANCEL","symbol":"","side":""}}
{"event_type":"order_sent","timestamp":"2026-05-19T18:38:26.0114698+05:30","order_sent":{"request_id":"f6125233-f674-4323-b068-da3c476a0444","order_id":"","type":"LIMIT","symbol":"AMZN","side":"BUY","price":753.15,"quantity":10}}
{"event_type":"order_sent","timestamp":"2026-05-19T18:38:26.0114698+05:30","order_sent":{"request_id":"14eefaad-1c3a-4af2-bad7-76d096fc8c61","order_id":"ord-9121639531164304366","type":"CANCEL","symbol":"","side":""}}
{"event_type":"order_sent","timestamp":"2026-05-19T18:38:26.0114698+05:30","order_sent":{"request_id":"f4f5c1f4-93a3-4fb3-bbe9-7c56969ffd14","order_id":"ord-6494739646475147670","type":"CANCEL","symbol":"","side":""}}
{"event_type":"order_sent","timestamp":"2026-05-19T18:38:26.0114698+05:30","order_sent":{"request_id":"9ad5652f-a87b-4352-a752-810f30186ba1","order_id":"","type":"MARKET","symbol":"TSLA","side":"SELL","quantity":47}}
{"event_type":"order_sent","timestamp":"2026-05-19T18:38:26.0109391+05:30","order_sent":{"request_id":"4759358b-236b-492c-a95c-cd9020b68e94","order_id":"","type":"MARKET","symbol":"AAPL","side":"BUY","quantity":3}}
{"event_type":"order_sent","timestamp":"2026-05-19T18:38:26.0114698+05:30","order_sent":{"request_id":"98b2ddf3-cae0-4049-9dec-a994e672b82c","order_id":"ord-2658227486291447785","type":"CANCEL","symbol":"","side":""}}
{"event_type":"order_sent","timestamp":"2026-05-19T18:38:26.0102916+05:30","order_sent":{"request_id":"f4c836bf-bcaa-46bc-bc47-a70feb659a0d","order_id":"","type":"MARKET","symbol":"AMZN","side":"SELL","quantity":46}}
{"event_type":"order_sent","timestamp":"2026-05-19T18:38:26.0120684+05:30","order_sent":{"request_id":"7fbb09a4-0a6d-4209-898c-5e6f19053742","order_id":"ord-5370909512313327023","type":"CANCEL","symbol":"","side":""}}
{"event_type":"order_sent","timestamp":"2026-05-19T18:38:26.0114698+05:30","order_sent":{"request_id":"e20adc53-6a67-4830-9fbf-fc3080857a7d","order_id":"","type":"LIMIT","symbol":"AAPL","side":"SELL","price":257.8,"quantity":36}}
{"event_type":"order_sent","timestamp":"2026-05-19T18:38:26.0120684+05:30","order_sent":{"request_id":"d0216b8a-7ded-467f-b885-73af351e30cc","order_id":"","type":"LIMIT","symbol":"GOOG","side":"BUY","price":844.6,"quantity":78}}
{"event_type":"order_sent","timestamp":"2026-05-19T18:38:26.0114698+05:30","order_sent":{"request_id":"8b293b02-758e-457a-b38d-3412f489d53f","order_id":"","type":"LIMIT","symbol":"AAPL","side":"SELL","price":489.66,"quantity":76}}
{"event_type":"order_sent","timestamp":"2026-05-19T18:38:26.0120684+05:30","order_sent":{"request_id":"1804419f-817a-40a3-bfad-10917d272b3f","order_id":"ord-2351460687142806030","type":"CANCEL","symbol":"","side":""}}
{"event_type":"order_sent","timestamp":"2026-05-19T18:38:26.0120684+05:30","order_sent":{"request_id":"07c2af64-691f-4ca2-ab71-4c46f0fca110","order_id":"","type":"MARKET","symbol":"AMZN","side":"BUY","quantity":14}}
{"event_type":"order_sent","timestamp":"2026-05-19T18:38:26.0120684+05:30","order_sent":{"request_id":"124fe249-5e95-48b5-89ea-fa8db1741113","order_id":"","type":"LIMIT","symbol":"MSFT","side":"BUY","price":395.21,"quantity":51}}
{"event_type":"order_sent","timestamp":"2026-05-19T18:38:26.0120684+05:30","order_sent":{"request_id":"8d15b67d-b795-4326-8fba-ac27649407ce","order_id":"","type":"MARKET","symbol":"MSFT","side":"BUY","quantity":9}}
{"event_type":"order_sent","timestamp":"2026-05-19T18:38:26.0120684+05:30","order_sent":{"request_id":"d330ff9c-88a1-44ec-98fb-79f84a779a35","order_id":"ord-8055976948497153491","type":"CANCEL","symbol":"","side":""}}
{"event_type":"order_sent","timestamp":"2026-05-19T18:38:26.0120684+05:30","order_sent":{"request_id":"30b2591c-62c4-45d5-9e34-35d561214d98","order_id":"","type":"LIMIT","symbol":"MSFT","side":"SELL","price":603.02,"quantity":69}}
{"event_type":"order_sent","timestamp":"2026-05-19T18:38:26.0120684+05:30","order_sent":{"request_id":"2fb50479-3934-4a81-a972-120d86a83004","order_id":"ord-5106789204125197245","type":"CANCEL","symbol":"","side":""}}
{"event_type":"order_sent","timestamp":"2026-05-19T18:38:26.0126628+05:30","order_sent":{"request_id":"add6396d-e200-4bce-9140-4ef42241c33f","order_id":"ord-2021832625704006691","type":"CANCEL","symbol":"","side":""}}
{"event_type":"order_sent","timestamp":"2026-05-19T18:38:26.0114698+05:30","order_sent":{"request_id":"50a530ef-528a-4183-96fc-25bc78c28acc","order_id":"","type":"LIMIT","symbol":"TSLA","side":"SELL","price":936.94,"quantity":1}}
{"event_type":"order_sent","timestamp":"2026-05-19T18:38:26.0114698+05:30","order_sent":{"request_id":"5fba4c0f-75dd-4eb9-9684-1e2f8651022b","order_id":"","type":"LIMIT","symbol":"AMZN","side":"BUY","price":918.24,"quantity":33}}
{"event_type":"order_sent","timestamp":"2026-05-19T18:38:26.0120684+05:30","order_sent":{"request_id":"2c798716-4579-4748-862f-5b2ba358d190","order_id":"","type":"MARKET","symbol":"GOOG","side":"SELL","quantity":47}}
{"event_type":"order_sent","timestamp":"2026-05-19T18:38:26.0138323+05:30","order_sent":{"request_id":"002ada8a-aa3d-4bf4-ae3b-83546f972486","order_id":"","type":"MARKET","symbol":"GOOG","side":"SELL","quantity":18}}
{"event_type":"order_sent","timestamp":"2026-05-19T18:38:26.0138323+05:30","order_sent":{"request_id":"64c969a2-2570-48e5-a281-03654fe5ef4c","order_id":"","type":"LIMIT","symbol":"AAPL","side":"SELL","price":510.57,"quantity":26}}
{"event_type":"order_sent","timestamp":"2026-05-19T18:38:26.0120684+05:30","order_sent":{"request_id":"c5f22de1-545a-43a7-b34a-97c9bd5ebfc0","order_id":"","type":"LIMIT","symbol":"AMZN","side":"SELL","price":456.29,"quantity":50}}
{"event_type":"order_sent","timestamp":"2026-05-19T18:38:26.0138323+05:30","order_sent":{"request_id":"92b7a800-0231-446c-acf8-01cff01261a7","order_id":"ord-8171050448117586151","type":"CANCEL","symbol":"","side":""}}
{"event_type":"order_sent","timestamp":"2026-05-19T18:38:26.0120684+05:30","order_sent":{"request_id":"62fafb87-b4ea-4f5d-84d5-8ffbbf13d402","order_id":"","type":"LIMIT","symbol":"GOOG","side":"BUY","price":394.12,"quantity":57}}
{"event_type":"order_sent","timestamp":"2026-05-19T18:38:26.0138323+05:30","order_sent":{"request_id":"e99a3f30-bbfa-4322-a89a-97aa5c1e3bfa","order_id":"ord-8781058608347303191","type":"CANCEL","symbol":"","side":""}}
{"event_type":"order_sent","timestamp":"2026-05-19T18:38:26.0138323+05:30","order_sent":{"request_id":"d9146f99-3c61-4135-bac1-4a62e16f4fde","order_id":"","type":"LIMIT","symbol":"GOOG","side":"SELL","price":259.03,"quantity":6}}
{"event_type":"order_sent","timestamp":"2026-05-19T18:38:26.0120684+05:30","order_sent":{"request_id":"294b652d-269d-4eda-8bba-4eebe07ad9f6","order_id":"","type":"MARKET","symbol":"GOOG","side":"SELL","quantity":34}}
{"event_type":"order_sent","timestamp":"2026-05-19T18:38:26.0114698+05:30","order_sent":{"request_id":"c81c9eee-1701-482d-9d70-6612122cdbd2","order_id":"","type":"MARKET","symbol":"AAPL","side":"SELL","quantity":49}}
{"event_type":"order_sent","timestamp":"2026-05-19T18:38:26.0138323+05:30","order_sent":{"request_id":"183f9850-17c1-48fe-a80c-ff6ca2cc6b9f","order_id":"ord-3132721674811093952","type":"CANCEL","symbol":"","side":""}}
{"event_type":"order_sent","timestamp":"2026-05-19T18:38:26.0126628+05:30","order_sent":{"request_id":"0bafe2f7-597e-42bc-8f59-f7d1039acfb3","order_id":"ord-4340867135538287702","type":"CANCEL","symbol":"","side":""}}
{"event_type":"order_sent","timestamp":"2026-05-19T18:38:26.0102916+05:30","order_sent":{"request_id":"4cfefe59-e977-41b4-abc6-0ed2fe5f3cc7","order_id":"","type":"MARKET","symbol":"TSLA","side":"SELL","quantity":11}}
{"event_type":"order_sent","timestamp":"2026-05-19T18:38:26.0120684+05:30","order_sent":{"request_id":"9ad74a66-b133-4ad5-8d64-8838e3bae347","order_id":"","type":"LIMIT","symbol":"GOOG","side":"SELL","price":367.49,"quantity":22}}
{"event_type":"order_sent","timestamp":"2026-05-19T18:38:26.0120684+05:30","order_sent":{"request_id":"507bb634-e325-4ff7-8a40-1710298c283f","order_id":"","type":"MARKET","symbol":"GOOG","side":"SELL","quantity":50}}
{"event_type":"order_sent","timestamp":"2026-05-19T18:38:26.0114698+05:30","order_sent":{"request_id":"446bc1c5-e301-42ce-ab45-7d1b4f3c8270","order_id":"","type":"LIMIT","symbol":"MSFT","side":"SELL","price":653.83,"quantity":98}}
{"event_type":"order_sent","timestamp":"2026-05-19T18:38:26.0114698+05:30","order_sent":{"request_id":"7acc072b-0c6b-4700-a0d4-d829b09e98f4","order_id":"","type":"MARKET","symbol":"MSFT","side":"BUY","quantity":9}}
{"event_type":"order_sent","timestamp":"2026-05-19T18:38:26.0114698+05:30","order_sent":{"request_id":"1f7a394d-970d-4d92-a074-87c86986882d","order_id":"ord-171838620819867727","type":"CANCEL","symbol":"","side":""}}
{"event_type":"order_sent","timestamp":"2026-05-19T18:38:26.0109391+05:30","order_sent":{"request_id":"ec086e1d-a0a5-4d8d-98e5-dc31130cee54","order_id":"ord-3590481868959566007","type":"CANCEL","symbol":"","side":""}}
{"event_type":"order_sent","timestamp":"2026-05-19T18:38:26.0114698+05:30","order_sent":{"request_id":"7d7647b8-3336-4c84-be6f-24cbfa893b6f","order_id":"","type":"LIMIT","symbol":"MSFT","side":"SELL","price":568.32,"quantity":32}}
{"event_type":"order_sent","timestamp":"2026-05-19T18:38:26.0109391+05:30","order_sent":{"request_id":"0ae04a76-37a1-4ba5-b1fc-b2a8e73fcaf1","order_id":"","type":"MARKET","symbol":"GOOG","side":"SELL","quantity":15}}
{"event_type":"order_sent","timestamp":"2026-05-19T18:38:26.0102916+05:30","order_sent":{"request_id":"796c272f-2826-412e-86a8-33674c41878d","order_id":"","type":"LIMIT","symbol":"AAPL","side":"BUY","price":349.79,"quantity":11}}
{"event_type":"order_sent","timestamp":"2026-05-19T18:38:26.0109391+05:30","order_sent":{"request_id":"b70a1fbe-4024-48ea-b781-78f0a88ab2f9","order_id":"","type":"LIMIT","symbol":"AMZN","side":"SELL","price":132.67,"quantity":85}}
{"event_type":"order_sent","timestamp":"2026-05-19T18:38:26.0102916+05:30","order_sent":{"request_id":"cac7c260-6b3b-43e9-9b51-3928fc958fea","order_id":"","type":"LIMIT","symbol":"MSFT","side":"BUY","price":706.28,"quantity":70}}
{"event_type":"order_sent","timestamp":"2026-05-19T18:38:26.0109391+05:30","order_sent":{"request_id":"1e0ead32-deb4-46d7-9f9c-26dded08e964","order_id":"","type":"LIMIT","symbol":"AMZN","side":"SELL","price":904.81,"quantity":93}}
{"event_type":"order_sent","timestamp":"2026-05-19T18:38:26.0109391+05:30","order_sent":{"request_id":"f0ccffd7-a7ba-43f4-af84-1597d9a592ab","order_id":"ord-1225511482278088148","type":"CANCEL","symbol":"","side":""}}
{"event_type":"order_sent","timestamp":"2026-05-19T18:38:26.0109391+05:30","order_sent":{"request_id":"3630551c-26e5-41a1-b425-8f9eba3d9aa5","order_id":"","type":"MARKET","symbol":"MSFT","side":"BUY","quantity":39}}
{"event_type":"order_sent","timestamp":"2026-05-19T18:38:26.0109391+05:30","order_sent":{"request_id":"d77be2ad-72d0-43ab-a542-4fbb0d3b1055","order_id":"ord-4819080403364545897","type":"CANCEL","symbol":"","side":""}}
{"event_type":"order_sent","timestamp":"2026-05-19T18:38:26.0102916+05:30","order_sent":{"request_id":"51b3c627-e506-4143-87e0-e281e99164a4","order_id":"","type":"LIMIT","symbol":"AAPL","side":"BUY","price":194.45,"quantity":28}}
{"event_type":"order_sent","timestamp":"2026-05-19T18:38:26.0114698+05:30","order_sent":{"request_id":"9a071df1-3c2f-4dca-8f67-d47b1476a596","order_id":"","type":"LIMIT","symbol":"MSFT","side":"SELL","price":274.81,"quantity":16}}
{"event_type":"order_sent","timestamp":"2026-05-19T18:38:26.0109391+05:30","order_sent":{"request_id":"d359c170-3f1a-48a8-99c0-776e160bb8e2","order_id":"","type":"LIMIT","symbol":"GOOG","side":"BUY","price":295.82,"quantity":65}}
{"event_type":"order_sent","timestamp":"2026-05-19T18:38:26.0109391+05:30","order_sent":{"request_id":"4c8ab231-77ba-4a52-a50e-7ae1d059518a","order_id":"","type":"MARKET","symbol":"TSLA","side":"BUY","quantity":23}}
{"event_type":"order_sent","timestamp":"2026-05-19T18:38:26.0109391+05:30","order_sent":{"request_id":"b7cec67d-ceae-4cef-b972-d3e481235672","order_id":"ord-5660399646532592059","type":"CANCEL","symbol":"","side":""}}
{"event_type":"order_sent","timestamp":"2026-05-19T18:38:26.0114698+05:30","order_sent":{"request_id":"35131d92-6daa-47d7-993e-f1f85a1276d5","order_id":"","type":"LIMIT","symbol":"AAPL","side":"BUY","price":803.99,"quantity":82}}
{"event_type":"order_sent","timestamp":"2026-05-19T18:38:26.0114698+05:30","order_sent":{"request_id":"a3dace81-0335-4118-a88b-ec207b70ef8c","order_id":"ord-6569197077829515484","type":"CANCEL","symbol":"","side":""}}
{"event_type":"order_sent","timestamp":"2026-05-19T18:38:26.0114698+05:30","order_sent":{"request_id":"391fdabf-ab41-4f70-b15c-a2b954f0423a","order_id":"","type":"LIMIT","symbol":"GOOG","side":"BUY","price":304.9,"quantity":99}}
{"event_type":"order_sent","timestamp":"2026-05-19T18:38:26.0114698+05:30","order_sent":{"request_id":"df589cd5-6ffc-4c68-b779-f862d836efa3","order_id":"ord-4453489748658171137","type":"CANCEL","symbol":"","side":""}}
{"event_type":"order_sent","timestamp":"2026-05-19T18:38:26.0114698+05:30","order_sent":{"request_id":"247b4e23-9cbf-45c5-9a71-a4e9fc0c1611","order_id":"","type":"LIMIT","symbol":"GOOG","side":"SELL","price":388.91,"quantity":96}}
{"event_type":"order_sent","timestamp":"2026-05-19T18:38:26.0114698+05:30","order_sent":{"request_id":"77104b1b-ba33-4568-a4fa-764ebdb92498","order_id":"","type":"LIMIT","symbol":"TSLA","side":"BUY","price":244.58,"quantity":43}}
{"event_type":"order_sent","timestamp":"2026-05-19T18:38:26.0114698+05:30","order_sent":{"request_id":"878cbc8d-2503-47ac-a389-1c7c95bc7eef","order_id":"","type":"LIMIT","symbol":"GOOG","side":"BUY","price":727.88,"quantity":86}}
{"event_type":"order_sent","timestamp":"2026-05-19T18:38:26.0114698+05:30","order_sent":{"request_id":"ffcc2939-76fc-4aa2-8513-bb63e2ee0771","order_id":"","type":"MARKET","symbol":"TSLA","side":"SELL","quantity":11}}
{"event_type":"order_sent","timestamp":"2026-05-19T18:38:26.0114698+05:30","order_sent":{"request_id":"2fa045fe-360a-4f1e-9e78-0a3ea42c60a2","order_id":"","type":"LIMIT","symbol":"TSLA","side":"BUY","price":934.21,"quantity":37}}
{"event_type":"order_sent","timestamp":"2026-05-19T18:38:26.0114698+05:30","order_sent":{"request_id":"7eb14c69-5a48-4f82-bedd-a64c353fee18","order_id":"","type":"LIMIT","symbol":"MSFT","side":"BUY","price":972.07,"quantity":76}}
{"event_type":"order_sent","timestamp":"2026-05-19T18:38:26.0102916+05:30","order_sent":{"request_id":"7fd685c6-ac56-4b89-bcea-3643fc7ed6af","order_id":"","type":"MARKET","symbol":"AMZN","side":"BUY","quantity":49}}
{"event_type":"order_sent","timestamp":"2026-05-19T18:38:26.0114698+05:30","order_sent":{"request_id":"ca50dfc3-dfc3-4fb0-9871-cfda1b35528c","order_id":"","type":"MARKET","symbol":"TSLA","side":"SELL","quantity":10}}
{"event_type":"order_sent","timestamp":"2026-05-19T18:38:26.0114698+05:30","order_sent":{"request_id":"5f36c03c-c09b-43f6-8e93-28aa0a20334e","order_id":"","type":"LIMIT","symbol":"AMZN","side":"SELL","price":593.52,"quantity":74}}
{"event_type":"order_sent","timestamp":"2026-05-19T18:38:26.0114698+05:30","order_sent":{"request_id":"d7b103ba-cc6a-43d0-a0c9-c6bc263a5d9a","order_id":"","type":"LIMIT","symbol":"TSLA","side":"BUY","price":853.97,"quantity":86}}
{"event_type":"order_sent","timestamp":"2026-05-19T18:38:26.0114698+05:30","order_sent":{"request_id":"7664d587-4247-4939-84d7-008a741c3343","order_id":"ord-6923165077945950620","type":"CANCEL","symbol":"","side":""}}
{"event_type":"order_sent","timestamp":"2026-05-19T18:38:26.0114698+05:30","order_sent":{"request_id":"512a45aa-207a-408d-b0d1-d8dc3a4e96bf","order_id":"ord-2598576422502517796","type":"CANCEL","symbol":"","side":""}}
{"event_type":"order_sent","timestamp":"2026-05-19T18:38:26.0102916+05:30","order_sent":{"request_id":"a21f03e1-6668-497e-8038-b188ef85ea43","order_id":"","type":"MARKET","symbol":"AAPL","side":"SELL","quantity":27}}
{"event_type":"order_sent","timestamp":"2026-05-19T18:38:26.0102916+05:30","order_sent":{"request_id":"cbd1ae9c-b2f8-4f2a-8aa7-37b913c4d138","order_id":"ord-166911505866604415","type":"CANCEL","symbol":"","side":""}}
{"event_type":"order_sent","timestamp":"2026-05-19T18:38:26.0102916+05:30","order_sent":{"request_id":"9c95f9a0-5814-438b-82ff-f8d9eec63f0b","order_id":"ord-7359049061259742728","type":"CANCEL","symbol":"","side":""}}
{"event_type":"order_sent","timestamp":"2026-05-19T18:38:26.0114698+05:30","order_sent":{"request_id":"40079e0c-832a-42e8-a2e4-8fa5418eb38b","order_id":"","type":"LIMIT","symbol":"AMZN","side":"SELL","price":675.13,"quantity":32}}
{"event_type":"order_sent","timestamp":"2026-05-19T18:38:26.0102916+05:30","order_sent":{"request_id":"51b1592c-b2a2-4ce2-9298-44a99b5064f9","order_id":"","type":"LIMIT","symbol":"GOOG","side":"BUY","price":300.81,"quantity":48}}
{"event_type":"order_sent","timestamp":"2026-05-19T18:38:26.0114698+05:30","order_sent":{"request_id":"856754f2-1961-4e23-a949-af7f0418a57c","order_id":"","type":"LIMIT","symbol":"MSFT","side":"SELL","price":292.06,"quantity":43}}
{"event_type":"order_sent","timestamp":"2026-05-19T18:38:26.0120684+05:30","order_sent":{"request_id":"204f2820-70ae-4c94-b0a2-dbe11e63697a","order_id":"","type":"LIMIT","symbol":"GOOG","side":"BUY","price":362.83,"quantity":36}}
{"event_type":"order_sent","timestamp":"2026-05-19T18:38:26.0102916+05:30","order_sent":{"request_id":"7f7aca75-c33b-4135-a6b6-28d3c53ab1e1","order_id":"","type":"MARKET","symbol":"GOOG","side":"BUY","quantity":18}}
{"event_type":"order_sent","timestamp":"2026-05-19T18:38:26.0102916+05:30","order_sent":{"request_id":"97c78c14-32d7-401b-8ff8-2a9b29dd0c13","order_id":"","type":"MARKET","symbol":"TSLA","side":"SELL","quantity":14}}
{"event_type":"order_sent","timestamp":"2026-05-19T18:38:26.0114698+05:30","order_sent":{"request_id":"1fca1bfc-e3fa-4201-ab6c-b649319f08a6","order_id":"","type":"LIMIT","symbol":"AMZN","side":"SELL","price":962.3,"quantity":43}}
{"event_type":"order_sent","timestamp":"2026-05-19T18:38:26.0120684+05:30","order_sent":{"request_id":"301867d5-60bf-4db3-86d7-272fc667788c","order_id":"","type":"MARKET","symbol":"AMZN","side":"BUY","quantity":23}}
{"event_type":"order_sent","timestamp":"2026-05-19T18:38:26.0120684+05:30","order_sent":{"request_id":"ef1c8400-359f-474a-8fe4-b75469811e49","order_id":"","type":"LIMIT","symbol":"AMZN","side":"BUY","price":682.64,"quantity":71}}
{"event_type":"order_sent","timestamp":"2026-05-19T18:38:26.0120684+05:30","order_sent":{"request_id":"9e1d565f-0857-4727-a1a1-9b63d9ce87be","order_id":"","type":"MARKET","symbol":"AAPL","side":"BUY","quantity":28}}
{"event_type":"order_sent","timestamp":"2026-05-19T18:38:26.0120684+05:30","order_sent":{"request_id":"840c98e7-5274-43f2-84f3-212561b956db","order_id":"","type":"LIMIT","symbol":"AMZN","side":"SELL","price":344.64,"quantity":65}}
{"event_type":"order_sent","timestamp":"2026-05-19T18:38:26.0120684+05:30","order_sent":{"request_id":"c56e1903-59b9-4fd1-a1f1-30103634a879","order_id":"","type":"MARKET","symbol":"GOOG","side":"SELL","quantity":42}}
{"event_type":"order_sent","timestamp":"2026-05-19T18:38:26.0120684+05:30","order_sent":{"request_id":"d3859d9b-1f31-4bc5-9330-2ad72ff4806d","order_id":"","type":"LIMIT","symbol":"TSLA","side":"SELL","price":240.73,"quantity":99}}
{"event_type":"order_sent","timestamp":"2026-05-19T18:38:26.0120684+05:30","order_sent":{"request_id":"153e345d-07d7-401b-83fe-c960a1817dd8","order_id":"","type":"LIMIT","symbol":"TSLA","side":"SELL","price":331.64,"quantity":89}}
{"event_type":"order_sent","timestamp":"2026-05-19T18:38:26.0114698+05:30","order_sent":{"request_id":"66278506-207e-4306-8335-03c296c79fbc","order_id":"","type":"LIMIT","symbol":"AAPL","side":"SELL","price":560.76,"quantity":99}}
{"event_type":"order_sent","timestamp":"2026-05-19T18:38:26.0120684+05:30","order_sent":{"request_id":"4a70e06b-903a-47b1-a284-79e008d63769","order_id":"ord-1284151749619351921","type":"CANCEL","symbol":"","side":""}}
{"event_type":"order_sent","timestamp":"2026-05-19T18:38:26.0120684+05:30","order_sent":{"request_id":"e96372a6-864a-4a48-8512-60ebfed1631c","order_id":"","type":"LIMIT","symbol":"AMZN","side":"BUY","price":110.54,"quantity":96}}
{"event_type":"order_sent","timestamp":"2026-05-19T18:38:26.0120684+05:30","order_sent":{"request_id":"fe058c46-e054-484f-8a1b-731020011f4f","order_id":"","type":"MARKET","symbol":"AAPL","side":"BUY","quantity":26}}
{"event_type":"order_sent","timestamp":"2026-05-19T18:38:26.0138323+05:30","order_sent":{"request_id":"ca1c004c-4e44-47c5-89dc-e36d6604682f","order_id":"","type":"LIMIT","symbol":"GOOG","side":"SELL","price":756.73,"quantity":54}}
{"event_type":"order_sent","timestamp":"2026-05-19T18:38:26.0138323+05:30","order_sent":{"request_id":"6624d85f-3d56-4e9e-b5fa-a7cf1d4bd55a","order_id":"","type":"LIMIT","symbol":"AMZN","side":"BUY","price":920.41,"quantity":7}}
{"event_type":"order_sent","timestamp":"2026-05-19T18:38:26.0138323+05:30","order_sent":{"request_id":"27950107-4af2-4ba4-ac92-8edf6f49bd40","order_id":"","type":"LIMIT","symbol":"TSLA","side":"SELL","price":937.78,"quantity":50}}
{"event_type":"order_acked","timestamp":"2026-05-19T18:38:26.0250083+05:30","order_acked":{"request_id":"76118802-c51f-4c09-ab2d-c9112374e23f","status_code":201}}
{"event_type":"order_acked","timestamp":"2026-05-19T18:38:26.0269742+05:30","order_acked":{"request_id":"add6396d-e200-4bce-9140-4ef42241c33f","status_code":200}}
{"event_type":"order_acked","timestamp":"2026-05-19T18:38:26.0390674+05:30","order_acked":{"request_id":"d330ff9c-88a1-44ec-98fb-79f84a779a35","status_code":200}}
{"event_type":"order_acked","timestamp":"2026-05-19T18:38:26.0396129+05:30","order_acked":{"request_id":"2fb50479-3934-4a81-a972-120d86a83004","status_code":200}}
{"event_type":"order_acked","timestamp":"2026-05-19T18:38:26.0432347+05:30","order_acked":{"request_id":"9ad5652f-a87b-4352-a752-810f30186ba1","status_code":201}}
{"event_type":"order_acked","timestamp":"2026-05-19T18:38:26.046469+05:30","order_acked":{"request_id":"92b7a800-0231-446c-acf8-01cff01261a7","status_code":200}}
{"event_type":"order_acked","timestamp":"2026-05-19T18:38:26.0583962+05:30","order_acked":{"request_id":"ef5b2854-481f-4dd2-93df-0e918685b5fc","status_code":200}}
{"event_type":"order_acked","timestamp":"2026-05-19T18:38:26.0624814+05:30","order_acked":{"request_id":"50a530ef-528a-4183-96fc-25bc78c28acc","status_code":201}}
{"event_type":"order_acked","timestamp":"2026-05-19T18:38:26.0642119+05:30","order_acked":{"request_id":"4cfefe59-e977-41b4-abc6-0ed2fe5f3cc7","status_code":201}}
{"event_type":"order_acked","timestamp":"2026-05-19T18:38:26.0662883+05:30","order_acked":{"request_id":"30b2591c-62c4-45d5-9e34-35d561214d98","status_code":201}}
{"event_type":"execution_report","timestamp":"2026-05-19T18:38:26.0701916+05:30","execution":{"order_id":"5a99ee7a-dfe6-4bf1-a07c-b33930d64688","symbol":"TSLA","side":"SELL","status":"filled","filled_qty":1,"leaves_qty":0,"price":936.94,"timestamp":"2026-05-19T13:08:26Z","match_id":"404a6a85-ebf1-435a-9b85-e21809423354"}}
{"event_type":"order_acked","timestamp":"2026-05-19T18:38:26.0749315+05:30","order_acked":{"request_id":"c9d654c0-5b5c-4c60-a251-6334e7a31683","status_code":200}}
{"event_type":"execution_report","timestamp":"2026-05-19T18:38:26.0754762+05:30","execution":{"order_id":"036c045b-8b97-4b69-bf04-5c9d29cc9a6a","symbol":"MSFT","side":"SELL","status":"filled","filled_qty":69,"leaves_qty":0,"price":603.02,"timestamp":"2026-05-19T13:08:26Z","match_id":"eb3659f8-44a6-48c4-b453-a5e5d425d91b"}}
{"event_type":"order_acked","timestamp":"2026-05-19T18:38:26.0815205+05:30","order_acked":{"request_id":"f6125233-f674-4323-b068-da3c476a0444","status_code":201}}
{"event_type":"order_acked","timestamp":"2026-05-19T18:38:26.0832862+05:30","order_acked":{"request_id":"1804419f-817a-40a3-bfad-10917d272b3f","status_code":200}}
{"event_type":"execution_report","timestamp":"2026-05-19T18:38:26.0869782+05:30","execution":{"order_id":"122549d4-52d2-45de-a80e-855379837425","symbol":"AMZN","side":"BUY","status":"filled","filled_qty":10,"leaves_qty":0,"price":753.15,"timestamp":"2026-05-19T13:08:26Z","match_id":"94aa0a8a-f718-49d6-a25a-6b1ded819808"}}
{"event_type":"order_acked","timestamp":"2026-05-19T18:38:26.0892312+05:30","order_acked":{"request_id":"0ae04a76-37a1-4ba5-b1fc-b2a8e73fcaf1","status_code":201}}
{"event_type":"order_acked","timestamp":"2026-05-19T18:38:26.0903601+05:30","order_acked":{"request_id":"5fba4c0f-75dd-4eb9-9684-1e2f8651022b","status_code":201}}
{"event_type":"order_acked","timestamp":"2026-05-19T18:38:26.0920165+05:30","order_acked":{"request_id":"796c272f-2826-412e-86a8-33674c41878d","status_code":201}}
{"event_type":"order_acked","timestamp":"2026-05-19T18:38:26.0937503+05:30","order_acked":{"request_id":"07c2af64-691f-4ca2-ab71-4c46f0fca110","status_code":201}}
{"event_type":"execution_report","timestamp":"2026-05-19T18:38:26.0966171+05:30","execution":{"order_id":"55c4dec5-e6b2-422a-85ce-4472e2beee3d","symbol":"AMZN","side":"BUY","status":"filled","filled_qty":33,"leaves_qty":0,"price":918.24,"timestamp":"2026-05-19T13:08:26Z","match_id":"70616826-435a-47d0-9b2b-c797e0910997"}}
{"event_type":"execution_report","timestamp":"2026-05-19T18:38:26.0988493+05:30","execution":{"order_id":"f8b791c4-5d27-4467-87e6-5e341b309390","symbol":"AAPL","side":"BUY","status":"filled","filled_qty":11,"leaves_qty":0,"price":349.79,"timestamp":"2026-05-19T13:08:26Z","match_id":"580bfb52-6733-4455-a89d-b475739113a4"}}
{"event_type":"order_acked","timestamp":"2026-05-19T18:38:26.1022524+05:30","order_acked":{"request_id":"98b2ddf3-cae0-4049-9dec-a994e672b82c","status_code":200}}
{"event_type":"order_acked","timestamp":"2026-05-19T18:38:26.1050856+05:30","order_acked":{"request_id":"2c798716-4579-4748-862f-5b2ba358d190","status_code":201}}
{"event_type":"order_acked","timestamp":"2026-05-19T18:38:26.1066006+05:30","order_acked":{"request_id":"1e0ead32-deb4-46d7-9f9c-26dded08e964","status_code":201}}
{"event_type":"order_acked","timestamp":"2026-05-19T18:38:26.1082614+05:30","order_acked":{"request_id":"3630551c-26e5-41a1-b425-8f9eba3d9aa5","status_code":201}}
{"event_type":"order_acked","timestamp":"2026-05-19T18:38:26.1099686+05:30","order_acked":{"request_id":"8b293b02-758e-457a-b38d-3412f489d53f","status_code":201}}
{"event_type":"order_acked","timestamp":"2026-05-19T18:38:26.1134897+05:30","order_acked":{"request_id":"446bc1c5-e301-42ce-ab45-7d1b4f3c8270","status_code":201}}
{"event_type":"execution_report","timestamp":"2026-05-19T18:38:26.1140461+05:30","execution":{"order_id":"413e85ad-2964-41f3-8283-4700d40a4716","symbol":"AMZN","side":"SELL","status":"filled","filled_qty":93,"leaves_qty":0,"price":904.81,"timestamp":"2026-05-19T13:08:26Z","match_id":"2613d1fd-cfa0-46db-9d45-6599d5184161"}}
{"event_type":"execution_report","timestamp":"2026-05-19T18:38:26.1150546+05:30","execution":{"order_id":"a2156c65-6831-4dad-841f-47b3dab0c29f","symbol":"AAPL","side":"SELL","status":"filled","filled_qty":76,"leaves_qty":0,"price":489.66,"timestamp":"2026-05-19T13:08:26Z","match_id":"3ae1b321-25e6-4949-adf5-07a3302a763d"}}
{"event_type":"execution_report","timestamp":"2026-05-19T18:38:26.1194093+05:30","execution":{"order_id":"cde36f4c-23e4-4902-8db5-dd61e3308757","symbol":"MSFT","side":"SELL","status":"filled","filled_qty":98,"leaves_qty":0,"price":653.83,"timestamp":"2026-05-19T13:08:26Z","match_id":"eae2a12d-b82b-49fb-bc50-d92ae550ac97"}}
{"event_type":"order_acked","timestamp":"2026-05-19T18:38:26.120557+05:30","order_acked":{"request_id":"124fe249-5e95-48b5-89ea-fa8db1741113","status_code":201}}
{"event_type":"order_acked","timestamp":"2026-05-19T18:38:26.1210932+05:30","order_acked":{"request_id":"14eefaad-1c3a-4af2-bad7-76d096fc8c61","status_code":200}}
{"event_type":"order_acked","timestamp":"2026-05-19T18:38:26.1257405+05:30","order_acked":{"request_id":"507bb634-e325-4ff7-8a40-1710298c283f","status_code":201}}
{"event_type":"order_acked","timestamp":"2026-05-19T18:38:26.1277355+05:30","order_acked":{"request_id":"1f7a394d-970d-4d92-a074-87c86986882d","status_code":200}}
{"event_type":"execution_report","timestamp":"2026-05-19T18:38:26.1293583+05:30","execution":{"order_id":"295c5295-f081-43c9-bde7-682aed04006d","symbol":"MSFT","side":"BUY","status":"filled","filled_qty":51,"leaves_qty":0,"price":395.21,"timestamp":"2026-05-19T13:08:26Z","match_id":"c79be223-121a-4101-b986-461f3b09fdb2"}}
{"event_type":"order_acked","timestamp":"2026-05-19T18:38:26.1316015+05:30","order_acked":{"request_id":"cac7c260-6b3b-43e9-9b51-3928fc958fea","status_code":201}}
{"event_type":"order_acked","timestamp":"2026-05-19T18:38:26.1341744+05:30","order_acked":{"request_id":"7acc072b-0c6b-4700-a0d4-d829b09e98f4","status_code":201}}
{"event_type":"order_acked","timestamp":"2026-05-19T18:38:26.1364061+05:30","order_acked":{"request_id":"7fbb09a4-0a6d-4209-898c-5e6f19053742","status_code":200}}
{"event_type":"execution_report","timestamp":"2026-05-19T18:38:26.1369916+05:30","execution":{"order_id":"46ac8a4a-a8dc-4f21-be61-43e349b813df","symbol":"MSFT","side":"BUY","status":"filled","filled_qty":70,"leaves_qty":0,"price":706.28,"timestamp":"2026-05-19T13:08:26Z","match_id":"2fbc928f-de27-4275-acee-d4052bd37158"}}
{"event_type":"order_acked","timestamp":"2026-05-19T18:38:26.139243+05:30","order_acked":{"request_id":"f4f5c1f4-93a3-4fb3-bbe9-7c56969ffd14","status_code":200}}
{"event_type":"order_acked","timestamp":"2026-05-19T18:38:26.1409442+05:30","order_acked":{"request_id":"f0ccffd7-a7ba-43f4-af84-1597d9a592ab","status_code":200}}
{"event_type":"order_acked","timestamp":"2026-05-19T18:38:26.1455163+05:30","order_acked":{"request_id":"f4c836bf-bcaa-46bc-bc47-a70feb659a0d","status_code":201}}
{"event_type":"order_acked","timestamp":"2026-05-19T18:38:26.149531+05:30","order_acked":{"request_id":"51b3c627-e506-4143-87e0-e281e99164a4","status_code":201}}
{"event_type":"order_acked","timestamp":"2026-05-19T18:38:26.15133+05:30","order_acked":{"request_id":"d77be2ad-72d0-43ab-a542-4fbb0d3b1055","status_code":200}}
{"event_type":"order_acked","timestamp":"2026-05-19T18:38:26.1531845+05:30","order_acked":{"request_id":"7d7647b8-3336-4c84-be6f-24cbfa893b6f","status_code":201}}
{"event_type":"order_acked","timestamp":"2026-05-19T18:38:26.1571135+05:30","order_acked":{"request_id":"c5f22de1-545a-43a7-b34a-97c9bd5ebfc0","status_code":201}}
{"event_type":"execution_report","timestamp":"2026-05-19T18:38:26.1576968+05:30","execution":{"order_id":"568ed763-864c-4255-8237-767a0748e869","symbol":"AAPL","side":"BUY","status":"filled","filled_qty":28,"leaves_qty":0,"price":194.45,"timestamp":"2026-05-19T13:08:26Z","match_id":"70c5a7dc-e9d9-4f81-a044-47fe23c742c3"}}
{"event_type":"execution_report","timestamp":"2026-05-19T18:38:26.1594445+05:30","execution":{"order_id":"1323a7d5-c802-4d91-af20-20f5137e1fc5","symbol":"MSFT","side":"SELL","status":"filled","filled_qty":32,"leaves_qty":0,"price":568.32,"timestamp":"2026-05-19T13:08:26Z","match_id":"cf96d940-1253-4074-94fb-f686a12ee48f"}}
{"event_type":"execution_report","timestamp":"2026-05-19T18:38:26.1605603+05:30","execution":{"order_id":"19523115-8c25-485f-9f8c-2facbcd41c0f","symbol":"AMZN","side":"SELL","status":"filled","filled_qty":50,"leaves_qty":0,"price":456.29,"timestamp":"2026-05-19T13:08:26Z","match_id":"ae553c1f-9c77-4613-a761-342415fb294d"}}
{"event_type":"order_acked","timestamp":"2026-05-19T18:38:26.1630517+05:30","order_acked":{"request_id":"8d15b67d-b795-4326-8fba-ac27649407ce","status_code":201}}
{"event_type":"order_acked","timestamp":"2026-05-19T18:38:26.1688563+05:30","order_acked":{"request_id":"002ada8a-aa3d-4bf4-ae3b-83546f972486","status_code":201}}
{"event_type":"order_acked","timestamp":"2026-05-19T18:38:26.1694717+05:30","order_acked":{"request_id":"d0216b8a-7ded-467f-b885-73af351e30cc","status_code":201}}
{"event_type":"order_acked","timestamp":"2026-05-19T18:38:26.1729629+05:30","order_acked":{"request_id":"d9146f99-3c61-4135-bac1-4a62e16f4fde","status_code":201}}
{"event_type":"execution_report","timestamp":"2026-05-19T18:38:26.1770024+05:30","execution":{"order_id":"f9345592-23c9-4699-9d2d-752267cb7028","symbol":"GOOG","side":"BUY","status":"filled","filled_qty":78,"leaves_qty":0,"price":844.6,"timestamp":"2026-05-19T13:08:26Z","match_id":"e261d701-18a8-4087-bb4b-fb2ebcc73c24"}}
{"event_type":"execution_report","timestamp":"2026-05-19T18:38:26.1775356+05:30","execution":{"order_id":"de053d5e-bdd7-4e32-9299-c1d97396612a","symbol":"GOOG","side":"SELL","status":"filled","filled_qty":6,"leaves_qty":0,"price":259.03,"timestamp":"2026-05-19T13:08:26Z","match_id":"aa29abf8-52a0-480d-92d6-d709fc99dc08"}}
{"event_type":"order_acked","timestamp":"2026-05-19T18:38:26.1808778+05:30","order_acked":{"request_id":"64c969a2-2570-48e5-a281-03654fe5ef4c","status_code":201}}
{"event_type":"order_acked","timestamp":"2026-05-19T18:38:26.1820035+05:30","order_acked":{"request_id":"29ddf40f-7164-4ebd-8c7c-d48ad534ce29","status_code":200}}
{"event_type":"order_acked","timestamp":"2026-05-19T18:38:26.1836727+05:30","order_acked":{"request_id":"db8e1f27-9aac-48f0-b032-cb4a37419774","status_code":201}}
{"event_type":"order_acked","timestamp":"2026-05-19T18:38:26.1842113+05:30","order_acked":{"request_id":"b70a1fbe-4024-48ea-b781-78f0a88ab2f9","status_code":201}}
{"event_type":"order_acked","timestamp":"2026-05-19T18:38:26.1860058+05:30","order_acked":{"request_id":"ec086e1d-a0a5-4d8d-98e5-dc31130cee54","status_code":200}}
{"event_type":"execution_report","timestamp":"2026-05-19T18:38:26.187108+05:30","execution":{"order_id":"dd1f3174-6eaf-4ee8-a8c9-434a8b488e0e","symbol":"AAPL","side":"SELL","status":"filled","filled_qty":26,"leaves_qty":0,"price":510.57,"timestamp":"2026-05-19T13:08:26Z","match_id":"d8365877-b3d2-4c0b-86e2-8c414aca984b"}}
{"event_type":"order_acked","timestamp":"2026-05-19T18:38:26.188252+05:30","order_acked":{"request_id":"62fafb87-b4ea-4f5d-84d5-8ffbbf13d402","status_code":201}}
{"event_type":"execution_report","timestamp":"2026-05-19T18:38:26.1888439+05:30","execution":{"order_id":"6f072b58-badc-41c7-89a0-47a80853c28b","symbol":"AMZN","side":"SELL","status":"filled","filled_qty":45,"leaves_qty":0,"price":559.84,"timestamp":"2026-05-19T13:08:26Z","match_id":"12f7928b-d9d8-4681-aa23-4b940ee796fa"}}
{"event_type":"execution_report","timestamp":"2026-05-19T18:38:26.1894328+05:30","execution":{"order_id":"c8a623b1-1d27-4077-8bfb-45c6420718c1","symbol":"AMZN","side":"SELL","status":"filled","filled_qty":85,"leaves_qty":0,"price":132.67,"timestamp":"2026-05-19T13:08:26Z","match_id":"0877793a-9b72-4e04-aefa-efe66ff8f9d1"}}
{"event_type":"execution_report","timestamp":"2026-05-19T18:38:26.1933737+05:30","execution":{"order_id":"cfbe90c4-c5c6-4298-b5d3-8ae09afe6fff","symbol":"GOOG","side":"BUY","status":"filled","filled_qty":57,"leaves_qty":0,"price":394.12,"timestamp":"2026-05-19T13:08:26Z","match_id":"0c6a64dc-6f84-4df1-94ea-2a3b18d9ffba"}}
{"event_type":"order_acked","timestamp":"2026-05-19T18:38:26.1964462+05:30","order_acked":{"request_id":"294b652d-269d-4eda-8bba-4eebe07ad9f6","status_code":201}}
{"event_type":"order_acked","timestamp":"2026-05-19T18:38:26.1999471+05:30","order_acked":{"request_id":"6624d85f-3d56-4e9e-b5fa-a7cf1d4bd55a","status_code":201}}
{"event_type":"order_acked","timestamp":"2026-05-19T18:38:26.2006369+05:30","order_acked":{"request_id":"4759358b-236b-492c-a95c-cd9020b68e94","status_code":201}}
{"event_type":"order_acked","timestamp":"2026-05-19T18:38:26.2045555+05:30","order_acked":{"request_id":"e9cedbcd-cae1-4f5d-92c4-897af3dd4b85","status_code":200}}
{"event_type":"order_acked","timestamp":"2026-05-19T18:38:26.2074615+05:30","order_acked":{"request_id":"e99a3f30-bbfa-4322-a89a-97aa5c1e3bfa","status_code":200}}
{"event_type":"execution_report","timestamp":"2026-05-19T18:38:26.2080239+05:30","execution":{"order_id":"01f5e0b2-362f-42ff-88fd-e7710f7a4629","symbol":"AMZN","side":"BUY","status":"filled","filled_qty":7,"leaves_qty":0,"price":920.41,"timestamp":"2026-05-19T13:08:26Z","match_id":"3035677e-fd66-4bcb-bebe-562401c318e4"}}
{"event_type":"order_acked","timestamp":"2026-05-19T18:38:26.2106462+05:30","order_acked":{"request_id":"e20adc53-6a67-4830-9fbf-fc3080857a7d","status_code":201}}
{"event_type":"order_acked","timestamp":"2026-05-19T18:38:26.2158388+05:30","order_acked":{"request_id":"df589cd5-6ffc-4c68-b779-f862d836efa3","status_code":200}}
{"event_type":"order_acked","timestamp":"2026-05-19T18:38:26.2165403+05:30","order_acked":{"request_id":"9a071df1-3c2f-4dca-8f67-d47b1476a596","status_code":201}}
{"event_type":"order_acked","timestamp":"2026-05-19T18:38:26.2199056+05:30","order_acked":{"request_id":"d359c170-3f1a-48a8-99c0-776e160bb8e2","status_code":201}}
{"event_type":"execution_report","timestamp":"2026-05-19T18:38:26.2204448+05:30","execution":{"order_id":"4187d56e-8c7e-450c-99a8-c596b97722db","symbol":"AAPL","side":"SELL","status":"filled","filled_qty":36,"leaves_qty":0,"price":257.8,"timestamp":"2026-05-19T13:08:26Z","match_id":"2c750c06-dfce-4964-ad83-f02ab56d6da7"}}
{"event_type":"order_acked","timestamp":"2026-05-19T18:38:26.2222469+05:30","order_acked":{"request_id":"391fdabf-ab41-4f70-b15c-a2b954f0423a","status_code":201}}
{"event_type":"execution_report","timestamp":"2026-05-19T18:38:26.2245901+05:30","execution":{"order_id":"41c79b58-d2c6-4321-a1d3-088aeb7b0268","symbol":"MSFT","side":"SELL","status":"filled","filled_qty":16,"leaves_qty":0,"price":274.81,"timestamp":"2026-05-19T13:08:26Z","match_id":"c52b0415-1b3d-4238-831c-85bf601988e1"}}
{"event_type":"execution_report","timestamp":"2026-05-19T18:38:26.2245901+05:30","execution":{"order_id":"cdd1b2a4-8c23-44f6-8a47-5ac9a04ffb35","symbol":"GOOG","side":"BUY","status":"filled","filled_qty":65,"leaves_qty":0,"price":295.82,"timestamp":"2026-05-19T13:08:26Z","match_id":"d241ddd8-3be1-45a1-8457-2fbc13634021"}}
{"event_type":"order_acked","timestamp":"2026-05-19T18:38:26.2279812+05:30","order_acked":{"request_id":"b7cec67d-ceae-4cef-b972-d3e481235672","status_code":200}}
{"event_type":"order_acked","timestamp":"2026-05-19T18:38:26.2290562+05:30","order_acked":{"request_id":"856754f2-1961-4e23-a949-af7f0418a57c","status_code":201}}
{"event_type":"order_acked","timestamp":"2026-05-19T18:38:26.2313701+05:30","order_acked":{"request_id":"a3dace81-0335-4118-a88b-ec207b70ef8c","status_code":200}}
{"event_type":"execution_report","timestamp":"2026-05-19T18:38:26.2330848+05:30","execution":{"order_id":"8a5837eb-6f57-4b29-9930-4af47365f8be","symbol":"GOOG","side":"BUY","status":"filled","filled_qty":99,"leaves_qty":0,"price":304.9,"timestamp":"2026-05-19T13:08:26Z","match_id":"46b17ccc-5009-4b13-bcff-f4bb393c87bc"}}
{"event_type":"execution_report","timestamp":"2026-05-19T18:38:26.2377373+05:30","execution":{"order_id":"4d376a6b-45d9-486a-a9fa-dc20ce6e1b90","symbol":"MSFT","side":"SELL","status":"filled","filled_qty":43,"leaves_qty":0,"price":292.06,"timestamp":"2026-05-19T13:08:26Z","match_id":"4a646827-7128-4c8c-b139-d5cd07fe2fc4"}}
{"event_type":"order_acked","timestamp":"2026-05-19T18:38:26.242901+05:30","order_acked":{"request_id":"c81c9eee-1701-482d-9d70-6612122cdbd2","status_code":201}}
{"event_type":"order_acked","timestamp":"2026-05-19T18:38:26.2434563+05:30","order_acked":{"request_id":"35131d92-6daa-47d7-993e-f1f85a1276d5","status_code":201}}
{"event_type":"order_acked","timestamp":"2026-05-19T18:38:26.2481756+05:30","order_acked":{"request_id":"51b1592c-b2a2-4ce2-9298-44a99b5064f9","status_code":201}}
{"event_type":"execution_report","timestamp":"2026-05-19T18:38:26.251063+05:30","execution":{"order_id":"c14f5c63-284d-4db8-b62a-229dc7b288ac","symbol":"AAPL","side":"BUY","status":"filled","filled_qty":82,"leaves_qty":0,"price":803.99,"timestamp":"2026-05-19T13:08:26Z","match_id":"318f16df-2859-4094-848b-e3e4d87b1c97"}}
{"event_type":"execution_report","timestamp":"2026-05-19T18:38:26.2516191+05:30","execution":{"order_id":"3b7aee30-ba57-4ea8-b747-197b5bdbf00d","symbol":"GOOG","side":"BUY","status":"filled","filled_qty":48,"leaves_qty":0,"price":300.81,"timestamp":"2026-05-19T13:08:26Z","match_id":"56e7f5dd-7196-41ad-acfc-d281d74f96f9"}}
{"event_type":"order_acked","timestamp":"2026-05-19T18:38:26.2533528+05:30","order_acked":{"request_id":"183f9850-17c1-48fe-a80c-ff6ca2cc6b9f","status_code":200}}
{"event_type":"order_acked","timestamp":"2026-05-19T18:38:26.2557876+05:30","order_acked":{"request_id":"9ad74a66-b133-4ad5-8d64-8838e3bae347","status_code":201}}
{"event_type":"order_acked","timestamp":"2026-05-19T18:38:26.258903+05:30","order_acked":{"request_id":"0bafe2f7-597e-42bc-8f59-f7d1039acfb3","status_code":200}}
{"event_type":"order_acked","timestamp":"2026-05-19T18:38:26.2606382+05:30","order_acked":{"request_id":"247b4e23-9cbf-45c5-9a71-a4e9fc0c1611","status_code":201}}
{"event_type":"execution_report","timestamp":"2026-05-19T18:38:26.263922+05:30","execution":{"order_id":"3aaefdb7-1666-497c-a84f-b4c531850ca6","symbol":"GOOG","side":"SELL","status":"filled","filled_qty":22,"leaves_qty":0,"price":367.49,"timestamp":"2026-05-19T13:08:26Z","match_id":"435c42a0-0a88-4d2e-b127-5bf1469eea71"}}
{"event_type":"execution_report","timestamp":"2026-05-19T18:38:26.267559+05:30","execution":{"order_id":"2e3ccea7-002d-45a6-a601-e55e03d0ae4b","symbol":"GOOG","side":"SELL","status":"filled","filled_qty":96,"leaves_qty":0,"price":388.91,"timestamp":"2026-05-19T13:08:26Z","match_id":"6c728b03-7aa1-4a4d-b031-1179504b5790"}}
{"event_type":"order_acked","timestamp":"2026-05-19T18:38:26.2755598+05:30","order_acked":{"request_id":"7f7aca75-c33b-4135-a6b6-28d3c53ab1e1","status_code":201}}
{"event_type":"order_acked","timestamp":"2026-05-19T18:38:26.2766726+05:30","order_acked":{"request_id":"77104b1b-ba33-4568-a4fa-764ebdb92498","status_code":201}}
{"event_type":"order_acked","timestamp":"2026-05-19T18:38:26.2783895+05:30","order_acked":{"request_id":"5f36c03c-c09b-43f6-8e93-28aa0a20334e","status_code":201}}
{"event_type":"execution_report","timestamp":"2026-05-19T18:38:26.2812477+05:30","execution":{"order_id":"f30be128-a630-4556-a148-d71226b3b6d1","symbol":"TSLA","side":"BUY","status":"filled","filled_qty":43,"leaves_qty":0,"price":244.58,"timestamp":"2026-05-19T13:08:26Z","match_id":"9e62381d-775b-4eee-b72c-52795b84572e"}}
{"event_type":"execution_report","timestamp":"2026-05-19T18:38:26.2834919+05:30","execution":{"order_id":"b76710f6-f104-45b8-9005-933fc83e0e1c","symbol":"AMZN","side":"SELL","status":"filled","filled_qty":74,"leaves_qty":0,"price":593.52,"timestamp":"2026-05-19T13:08:26Z","match_id":"5df89bf8-d1f2-45d7-952a-d417bee68aac"}}
{"event_type":"order_acked","timestamp":"2026-05-19T18:38:26.2868839+05:30","order_acked":{"request_id":"ffcc2939-76fc-4aa2-8513-bb63e2ee0771","status_code":201}}
{"event_type":"order_acked","timestamp":"2026-05-19T18:38:26.2886475+05:30","order_acked":{"request_id":"204f2820-70ae-4c94-b0a2-dbe11e63697a","status_code":201}}
{"event_type":"order_acked","timestamp":"2026-05-19T18:38:26.2908832+05:30","order_acked":{"request_id":"2fa045fe-360a-4f1e-9e78-0a3ea42c60a2","status_code":201}}
{"event_type":"execution_report","timestamp":"2026-05-19T18:38:26.2948626+05:30","execution":{"order_id":"68fe76ce-c7d9-4958-8f53-792f55e71fea","symbol":"GOOG","side":"BUY","status":"filled","filled_qty":36,"leaves_qty":0,"price":362.83,"timestamp":"2026-05-19T13:08:26Z","match_id":"074a4fe0-0b46-4166-9329-5ef179bfff99"}}
{"event_type":"execution_report","timestamp":"2026-05-19T18:38:26.2978656+05:30","execution":{"order_id":"b336c7e8-3421-47b0-8ce2-76d31062e140","symbol":"TSLA","side":"BUY","status":"filled","filled_qty":37,"leaves_qty":0,"price":934.21,"timestamp":"2026-05-19T13:08:26Z","match_id":"e82ea2f6-35e8-468e-992e-5ef39b4468c0"}}
{"event_type":"order_acked","timestamp":"2026-05-19T18:38:26.3011899+05:30","order_acked":{"request_id":"4c8ab231-77ba-4a52-a50e-7ae1d059518a","status_code":201}}
{"event_type":"execution_report","timestamp":"2026-05-19T18:38:26.3023566+05:30","execution":{"order_id":"10464b28-acb7-4888-9a36-e51b30b0592c","symbol":"AMZN","side":"SELL","status":"filled","filled_qty":43,"leaves_qty":0,"price":962.3,"timestamp":"2026-05-19T13:08:26Z","match_id":"99dd066e-a41c-4185-b068-b5fa503b077f"}}
{"event_type":"order_acked","timestamp":"2026-05-19T18:38:26.3029366+05:30","order_acked":{"request_id":"1fca1bfc-e3fa-4201-ab6c-b649319f08a6","status_code":201}}
{"event_type":"order_acked","timestamp":"2026-05-19T18:38:26.3051168+05:30","order_acked":{"request_id":"97c78c14-32d7-401b-8ff8-2a9b29dd0c13","status_code":201}}
{"event_type":"order_acked","timestamp":"2026-05-19T18:38:26.3051168+05:30","order_acked":{"request_id":"9c95f9a0-5814-438b-82ff-f8d9eec63f0b","status_code":200}}
{"event_type":"order_acked","timestamp":"2026-05-19T18:38:26.3079024+05:30","order_acked":{"request_id":"40079e0c-832a-42e8-a2e4-8fa5418eb38b","status_code":201}}
{"event_type":"order_acked","timestamp":"2026-05-19T18:38:26.31068+05:30","order_acked":{"request_id":"a21f03e1-6668-497e-8038-b188ef85ea43","status_code":201}}
{"event_type":"execution_report","timestamp":"2026-05-19T18:38:26.3139325+05:30","execution":{"order_id":"ec2ff70a-487c-4d60-8858-436f8afd882f","symbol":"AMZN","side":"SELL","status":"filled","filled_qty":32,"leaves_qty":0,"price":675.13,"timestamp":"2026-05-19T13:08:26Z","match_id":"17e34769-d44b-4827-882f-920f08fad356"}}
{"event_type":"order_acked","timestamp":"2026-05-19T18:38:26.3154536+05:30","order_acked":{"request_id":"cbd1ae9c-b2f8-4f2a-8aa7-37b913c4d138","status_code":200}}
{"event_type":"order_acked","timestamp":"2026-05-19T18:38:26.3176072+05:30","order_acked":{"request_id":"7fd685c6-ac56-4b89-bcea-3643fc7ed6af","status_code":201}}
{"event_type":"order_acked","timestamp":"2026-05-19T18:38:26.3188631+05:30","order_acked":{"request_id":"d7b103ba-cc6a-43d0-a0c9-c6bc263a5d9a","status_code":201}}
{"event_type":"order_acked","timestamp":"2026-05-19T18:38:26.3206882+05:30","order_acked":{"request_id":"7664d587-4247-4939-84d7-008a741c3343","status_code":200}}
{"event_type":"order_acked","timestamp":"2026-05-19T18:38:26.324624+05:30","order_acked":{"request_id":"ca50dfc3-dfc3-4fb0-9871-cfda1b35528c","status_code":201}}
{"event_type":"execution_report","timestamp":"2026-05-19T18:38:26.3257234+05:30","execution":{"order_id":"e6bd9839-f084-4c2b-9d95-65c56894600e","symbol":"TSLA","side":"BUY","status":"filled","filled_qty":86,"leaves_qty":0,"price":853.97,"timestamp":"2026-05-19T13:08:26Z","match_id":"1b8901ac-6cab-4fe3-ae35-f61c65d51f39"}}
{"event_type":"order_acked","timestamp":"2026-05-19T18:38:26.3290368+05:30","order_acked":{"request_id":"512a45aa-207a-408d-b0d1-d8dc3a4e96bf","status_code":200}}
{"event_type":"order_acked","timestamp":"2026-05-19T18:38:26.3312427+05:30","order_acked":{"request_id":"301867d5-60bf-4db3-86d7-272fc667788c","status_code":201}}
{"event_type":"order_acked","timestamp":"2026-05-19T18:38:26.3377449+05:30","order_acked":{"request_id":"ca1c004c-4e44-47c5-89dc-e36d6604682f","status_code":201}}
{"event_type":"order_acked","timestamp":"2026-05-19T18:38:26.3411858+05:30","order_acked":{"request_id":"878cbc8d-2503-47ac-a389-1c7c95bc7eef","status_code":201}}
{"event_type":"order_acked","timestamp":"2026-05-19T18:38:26.342318+05:30","order_acked":{"request_id":"4a70e06b-903a-47b1-a284-79e008d63769","status_code":200}}
{"event_type":"order_acked","timestamp":"2026-05-19T18:38:26.3428952+05:30","order_acked":{"request_id":"153e345d-07d7-401b-83fe-c960a1817dd8","status_code":201}}
{"event_type":"execution_report","timestamp":"2026-05-19T18:38:26.3446282+05:30","execution":{"order_id":"72920756-82a3-4a50-b697-01b12ab21da1","symbol":"GOOG","side":"SELL","status":"filled","filled_qty":54,"leaves_qty":0,"price":756.73,"timestamp":"2026-05-19T13:08:26Z","match_id":"89ba9969-758a-41c7-92ce-916b6d670897"}}
{"event_type":"order_acked","timestamp":"2026-05-19T18:38:26.3458578+05:30","order_acked":{"request_id":"7eb14c69-5a48-4f82-bedd-a64c353fee18","status_code":201}}
{"event_type":"execution_report","timestamp":"2026-05-19T18:38:26.3475577+05:30","execution":{"order_id":"10dd4f0a-0c66-459c-a52b-716a20132abb","symbol":"GOOG","side":"BUY","status":"filled","filled_qty":86,"leaves_qty":0,"price":727.88,"timestamp":"2026-05-19T13:08:26Z","match_id":"952313ef-f114-4077-b026-ae90ae4f3381"}}
{"event_type":"order_acked","timestamp":"2026-05-19T18:38:26.3520563+05:30","order_acked":{"request_id":"c56e1903-59b9-4fd1-a1f1-30103634a879","status_code":201}}
{"event_type":"execution_report","timestamp":"2026-05-19T18:38:26.3532826+05:30","execution":{"order_id":"d8f6d15f-884d-4f43-beda-4d02311f2431","symbol":"MSFT","side":"BUY","status":"filled","filled_qty":76,"leaves_qty":0,"price":972.07,"timestamp":"2026-05-19T13:08:26Z","match_id":"4c5474f7-9377-41a3-805e-7b754d8056e7"}}
{"event_type":"execution_report","timestamp":"2026-05-19T18:38:26.3538448+05:30","execution":{"order_id":"72a9d07f-52d3-470b-b95f-0e5c9304c0e4","symbol":"TSLA","side":"SELL","status":"filled","filled_qty":89,"leaves_qty":0,"price":331.64,"timestamp":"2026-05-19T13:08:26Z","match_id":"9180299f-887a-432a-850a-98cfd8eb8598"}}
{"event_type":"order_acked","timestamp":"2026-05-19T18:38:26.3549517+05:30","order_acked":{"request_id":"840c98e7-5274-43f2-84f3-212561b956db","status_code":201}}
{"event_type":"execution_report","timestamp":"2026-05-19T18:38:26.3610695+05:30","execution":{"order_id":"1b12b7c8-50dd-4900-9212-93d5f7aac87d","symbol":"AMZN","side":"SELL","status":"filled","filled_qty":65,"leaves_qty":0,"price":344.64,"timestamp":"2026-05-19T13:08:26Z","match_id":"1340ca8d-5b6a-4d76-85e8-584dd05e458f"}}
{"event_type":"order_acked","timestamp":"2026-05-19T18:38:26.3627047+05:30","order_acked":{"request_id":"fe058c46-e054-484f-8a1b-731020011f4f","status_code":201}}
{"event_type":"order_acked","timestamp":"2026-05-19T18:38:26.3638716+05:30","order_acked":{"request_id":"66278506-207e-4306-8335-03c296c79fbc","status_code":201}}
{"event_type":"order_acked","timestamp":"2026-05-19T18:38:26.3654944+05:30","order_acked":{"request_id":"e96372a6-864a-4a48-8512-60ebfed1631c","status_code":201}}
{"event_type":"order_acked","timestamp":"2026-05-19T18:38:26.3680192+05:30","order_acked":{"request_id":"27950107-4af2-4ba4-ac92-8edf6f49bd40","status_code":201}}
{"event_type":"execution_report","timestamp":"2026-05-19T18:38:26.368531+05:30","execution":{"order_id":"edbf7cc4-0b31-4787-9fcd-0d643bc9be5b","symbol":"AAPL","side":"SELL","status":"filled","filled_qty":99,"leaves_qty":0,"price":560.76,"timestamp":"2026-05-19T13:08:26Z","match_id":"bb4b610a-0bf2-42c8-b3a9-8c5cc62f6dec"}}
{"event_type":"execution_report","timestamp":"2026-05-19T18:38:26.3713639+05:30","execution":{"order_id":"ffa56790-83b8-4596-bf4c-7bbc183d4432","symbol":"TSLA","side":"SELL","status":"filled","filled_qty":50,"leaves_qty":0,"price":937.78,"timestamp":"2026-05-19T13:08:26Z","match_id":"15393512-c39c-4ff0-b8e6-d00c9fd2cfa6"}}
{"event_type":"order_acked","timestamp":"2026-05-19T18:38:26.373548+05:30","order_acked":{"request_id":"ef1c8400-359f-474a-8fe4-b75469811e49","status_code":201}}
{"event_type":"execution_report","timestamp":"2026-05-19T18:38:26.3746277+05:30","execution":{"order_id":"09e0e591-732d-4e66-9438-65aeb17c3f45","symbol":"AMZN","side":"BUY","status":"filled","filled_qty":96,"leaves_qty":0,"price":110.54,"timestamp":"2026-05-19T13:08:26Z","match_id":"70024611-a011-4ea6-b83d-6c6421bea398"}}
{"event_type":"order_acked","timestamp":"2026-05-19T18:38:26.3763595+05:30","order_acked":{"request_id":"9e1d565f-0857-4727-a1a1-9b63d9ce87be","status_code":201}}
{"event_type":"execution_report","timestamp":"2026-05-19T18:38:26.3802439+05:30","execution":{"order_id":"c8decdd5-cf0a-4dd3-a34d-ed6cd72cd429","symbol":"AMZN","side":"BUY","status":"filled","filled_qty":71,"leaves_qty":0,"price":682.64,"timestamp":"2026-05-19T13:08:26Z","match_id":"37fb82cd-a376-4c5b-aca7-505c18e548d0"}}
{"event_type":"order_acked","timestamp":"2026-05-19T18:38:26.380824+05:30","order_acked":{"request_id":"d3859d9b-1f31-4bc5-9330-2ad72ff4806d","status_code":201}}
{"event_type":"execution_report","timestamp":"2026-05-19T18:38:26.3892406+05:30","execution":{"order_id":"1cd07c9c-4580-4745-b246-2f5810ac240c","symbol":"TSLA","side":"SELL","status":"filled","filled_qty":99,"leaves_qty":0,"price":240.73,"timestamp":"2026-05-19T13:08:26Z","match_id":"8323512c-e51d-4973-90b5-20aeeb6e5503"}}
{"event_type":"order_sent","timestamp":"2026-05-19T18:38:28.0098836+05:30","order_sent":{"request_id":"0ed0b2f8-1851-4604-a09e-9c0f72bca440","order_id":"","type":"LIMIT","symbol":"GOOG","side":"BUY","price":311.77,"quantity":80}}
{"event_type":"order_sent","timestamp":"2026-05-19T18:38:28.0098836+05:30","order_sent":{"request_id":"f97b61bc-fde1-426a-b0a6-f2161f3d0a6a","order_id":"","type":"MARKET","symbol":"MSFT","side":"SELL","quantity":43}}
{"event_type":"order_sent","timestamp":"2026-05-19T18:38:28.0098836+05:30","order_sent":{"request_id":"6973fe93-826e-4cb2-8c56-97f5a5c2c94a","order_id":"ord-1213948503656858263","type":"CANCEL","symbol":"","side":""}}
{"event_type":"order_sent","timestamp":"2026-05-19T18:38:28.0098836+05:30","order_sent":{"request_id":"c1426e53-c7ba-4aa2-b236-c5fb28e295cc","order_id":"ord-6974626816357051929","type":"CANCEL","symbol":"","side":""}}
{"event_type":"order_sent","timestamp":"2026-05-19T18:38:28.0098836+05:30","order_sent":{"request_id":"5b2c2724-c9ca-4be1-823c-3132945c4638","order_id":"","type":"LIMIT","symbol":"AAPL","side":"BUY","price":600.8,"quantity":45}}
{"event_type":"order_sent","timestamp":"2026-05-19T18:38:28.0098836+05:30","order_sent":{"request_id":"8d700d85-25de-4494-91d6-67fe6bb1724f","order_id":"","type":"LIMIT","symbol":"AMZN","side":"SELL","price":472.9,"quantity":72}}
{"event_type":"order_sent","timestamp":"2026-05-19T18:38:28.0104829+05:30","order_sent":{"request_id":"72363487-14d8-4e49-970f-27a3f0f6654a","order_id":"","type":"MARKET","symbol":"AMZN","side":"SELL","quantity":30}}
{"event_type":"order_sent","timestamp":"2026-05-19T18:38:28.0098836+05:30","order_sent":{"request_id":"14687cf3-bbc0-4765-a9e0-0cc2f6aead25","order_id":"ord-9170155335223621497","type":"CANCEL","symbol":"","side":""}}
{"event_type":"order_sent","timestamp":"2026-05-19T18:38:28.0104829+05:30","order_sent":{"request_id":"086573b0-152f-4055-8eb0-7ccc6b0a7d43","order_id":"","type":"MARKET","symbol":"TSLA","side":"BUY","quantity":5}}
{"event_type":"order_sent","timestamp":"2026-05-19T18:38:28.0104829+05:30","order_sent":{"request_id":"274e2cd1-9862-4402-8215-00149fb82c2b","order_id":"","type":"MARKET","symbol":"AMZN","side":"SELL","quantity":47}}
{"event_type":"order_sent","timestamp":"2026-05-19T18:38:28.0098836+05:30","order_sent":{"request_id":"7e326814-ee8f-4969-8fe2-7da5b72946fe","order_id":"ord-8276503304081823459","type":"CANCEL","symbol":"","side":""}}
{"event_type":"order_sent","timestamp":"2026-05-19T18:38:28.0098836+05:30","order_sent":{"request_id":"21421c9a-a4c7-4f3e-94f1-d94c783a03b0","order_id":"","type":"MARKET","symbol":"GOOG","side":"BUY","quantity":6}}
{"event_type":"order_sent","timestamp":"2026-05-19T18:38:28.0098836+05:30","order_sent":{"request_id":"88fe8243-e261-4017-b0e1-40becd30a2f0","order_id":"","type":"MARKET","symbol":"TSLA","side":"SELL","quantity":19}}
{"event_type":"order_sent","timestamp":"2026-05-19T18:38:28.0098836+05:30","order_sent":{"request_id":"b24eb02d-a0fd-455b-8445-bebed6318a70","order_id":"","type":"MARKET","symbol":"MSFT","side":"SELL","quantity":33}}
{"event_type":"order_sent","timestamp":"2026-05-19T18:38:28.0104829+05:30","order_sent":{"request_id":"bdf12a6e-8714-4458-9db3-5d5c7869b43c","order_id":"","type":"MARKET","symbol":"TSLA","side":"BUY","quantity":7}}
{"event_type":"order_sent","timestamp":"2026-05-19T18:38:28.0104829+05:30","order_sent":{"request_id":"be563ca4-2292-4195-8b2f-9247cb252667","order_id":"ord-2954304525531789475","type":"CANCEL","symbol":"","side":""}}
{"event_type":"order_sent","timestamp":"2026-05-19T18:38:28.0104829+05:30","order_sent":{"request_id":"4a628021-6d95-45b3-810a-c42351aebc2b","order_id":"","type":"LIMIT","symbol":"GOOG","side":"BUY","price":537.12,"quantity":47}}
{"event_type":"order_sent","timestamp":"2026-05-19T18:38:28.0104829+05:30","order_sent":{"request_id":"5828f81c-eb4f-4cca-9af0-8f9875dc2a6b","order_id":"","type":"LIMIT","symbol":"MSFT","side":"SELL","price":665.05,"quantity":71}}
{"event_type":"order_sent","timestamp":"2026-05-19T18:38:28.0104829+05:30","order_sent":{"request_id":"a54ae512-143c-4ec7-8aa4-03ecfe6dd393","order_id":"","type":"LIMIT","symbol":"MSFT","side":"SELL","price":827.41,"quantity":18}}
{"event_type":"order_sent","timestamp":"2026-05-19T18:38:28.0104829+05:30","order_sent":{"request_id":"e7c7c481-0ff6-4506-b391-6de60485661f","order_id":"","type":"LIMIT","symbol":"TSLA","side":"SELL","price":521.62,"quantity":41}}
{"event_type":"order_sent","timestamp":"2026-05-19T18:38:28.0104829+05:30","order_sent":{"request_id":"d91168e9-cc0c-4c50-9da4-0a95554a43b2","order_id":"","type":"LIMIT","symbol":"MSFT","side":"SELL","price":216.42,"quantity":1}}
{"event_type":"order_sent","timestamp":"2026-05-19T18:38:28.0104829+05:30","order_sent":{"request_id":"c14d7da7-1817-42d4-b353-79e1ddcbd267","order_id":"","type":"LIMIT","symbol":"MSFT","side":"SELL","price":885.01,"quantity":81}}
{"event_type":"order_sent","timestamp":"2026-05-19T18:38:28.0104829+05:30","order_sent":{"request_id":"73c5e178-f8a8-4fa7-ac8f-203199665982","order_id":"","type":"MARKET","symbol":"TSLA","side":"SELL","quantity":34}}
{"event_type":"order_sent","timestamp":"2026-05-19T18:38:28.0104829+05:30","order_sent":{"request_id":"c3199af1-9e31-4db8-b0ef-d2f61315eed0","order_id":"ord-5196727659615695476","type":"CANCEL","symbol":"","side":""}}
{"event_type":"order_sent","timestamp":"2026-05-19T18:38:28.0104829+05:30","order_sent":{"request_id":"fd0332aa-4a40-445b-8b1c-24564579a0f9","order_id":"","type":"LIMIT","symbol":"GOOG","side":"SELL","price":485.44,"quantity":90}}
{"event_type":"order_sent","timestamp":"2026-05-19T18:38:28.0104829+05:30","order_sent":{"request_id":"17cc7baf-6588-4545-8b12-d14839c7fbe8","order_id":"","type":"LIMIT","symbol":"AAPL","side":"SELL","price":149.62,"quantity":40}}
{"event_type":"order_sent","timestamp":"2026-05-19T18:38:28.0104829+05:30","order_sent":{"request_id":"055750d3-0f19-499f-b3dd-e10cbd3e4bdf","order_id":"","type":"MARKET","symbol":"TSLA","side":"BUY","quantity":38}}
{"event_type":"order_sent","timestamp":"2026-05-19T18:38:28.0104829+05:30","order_sent":{"request_id":"34f41167-ab18-4ae5-889a-b784e82b35fb","order_id":"","type":"LIMIT","symbol":"AAPL","side":"SELL","price":612.51,"quantity":31}}
{"event_type":"order_sent","timestamp":"2026-05-19T18:38:28.0104829+05:30","order_sent":{"request_id":"3161673f-8b51-4cfb-b2a3-df8806599582","order_id":"","type":"MARKET","symbol":"TSLA","side":"BUY","quantity":22}}
{"event_type":"order_sent","timestamp":"2026-05-19T18:38:28.0104829+05:30","order_sent":{"request_id":"c8f96943-f5da-43d1-a421-c3124d30327d","order_id":"","type":"MARKET","symbol":"GOOG","side":"BUY","quantity":37}}
{"event_type":"order_sent","timestamp":"2026-05-19T18:38:28.0104829+05:30","order_sent":{"request_id":"bd2c0967-65f6-49bb-914f-781d290ff9fa","order_id":"ord-811459367063079301","type":"CANCEL","symbol":"","side":""}}
{"event_type":"order_sent","timestamp":"2026-05-19T18:38:28.0104829+05:30","order_sent":{"request_id":"fa55a159-7808-46e1-b75d-609f3e7c6cf8","order_id":"","type":"MARKET","symbol":"AAPL","side":"SELL","quantity":2}}
{"event_type":"order_sent","timestamp":"2026-05-19T18:38:28.0104829+05:30","order_sent":{"request_id":"b0650a2e-3a90-42ab-8de4-76dacb654089","order_id":"","type":"LIMIT","symbol":"TSLA","side":"BUY","price":811.04,"quantity":96}}
{"event_type":"order_sent","timestamp":"2026-05-19T18:38:28.0104829+05:30","order_sent":{"request_id":"65319d1c-480a-46dd-a4b2-3e04c6b4b5f7","order_id":"","type":"LIMIT","symbol":"MSFT","side":"SELL","price":915.33,"quantity":2}}
{"event_type":"order_sent","timestamp":"2026-05-19T18:38:28.0104829+05:30","order_sent":{"request_id":"e95e9b89-b74d-41c2-9ee9-13e593e3298c","order_id":"","type":"MARKET","symbol":"TSLA","side":"SELL","quantity":10}}
{"event_type":"order_sent","timestamp":"2026-05-19T18:38:28.0104829+05:30","order_sent":{"request_id":"9d349490-fc31-47c2-a8b2-486255048950","order_id":"","type":"MARKET","symbol":"AAPL","side":"BUY","quantity":19}}
{"event_type":"order_sent","timestamp":"2026-05-19T18:38:28.0104829+05:30","order_sent":{"request_id":"7b9d58d5-4a2b-42d2-b668-c4c6202e9a69","order_id":"","type":"LIMIT","symbol":"MSFT","side":"SELL","price":320.07,"quantity":36}}
{"event_type":"order_sent","timestamp":"2026-05-19T18:38:28.0104829+05:30","order_sent":{"request_id":"7834eeb7-bd6c-403b-845d-c83c51db17ce","order_id":"","type":"MARKET","symbol":"GOOG","side":"BUY","quantity":44}}
{"event_type":"order_sent","timestamp":"2026-05-19T18:38:28.0104829+05:30","order_sent":{"request_id":"66e62156-309c-44d3-a38d-842c397ea52d","order_id":"","type":"MARKET","symbol":"TSLA","side":"SELL","quantity":10}}
{"event_type":"order_sent","timestamp":"2026-05-19T18:38:28.0104829+05:30","order_sent":{"request_id":"4197e51d-65df-4e31-b5c7-7ffc35936713","order_id":"","type":"LIMIT","symbol":"TSLA","side":"BUY","price":212.79,"quantity":59}}
{"event_type":"order_sent","timestamp":"2026-05-19T18:38:28.0104829+05:30","order_sent":{"request_id":"260c93f4-8a83-4147-82bf-9dcb4e2566ef","order_id":"ord-826837733199987906","type":"CANCEL","symbol":"","side":""}}
{"event_type":"order_sent","timestamp":"2026-05-19T18:38:28.0104829+05:30","order_sent":{"request_id":"5b6bc69d-91ed-42f8-8e56-79528a98e567","order_id":"","type":"LIMIT","symbol":"AAPL","side":"BUY","price":864.54,"quantity":26}}
{"event_type":"order_sent","timestamp":"2026-05-19T18:38:28.0104829+05:30","order_sent":{"request_id":"e190c689-f7f3-47ca-9de2-311d8d0ad9b8","order_id":"","type":"LIMIT","symbol":"MSFT","side":"SELL","price":858.15,"quantity":61}}
{"event_type":"order_sent","timestamp":"2026-05-19T18:38:28.0104829+05:30","order_sent":{"request_id":"a5c6d566-a8d4-4719-b4ba-334a9aed4f9b","order_id":"ord-4753034623684439962","type":"CANCEL","symbol":"","side":""}}
{"event_type":"order_sent","timestamp":"2026-05-19T18:38:28.0104829+05:30","order_sent":{"request_id":"917b7522-1e06-48c5-aa73-7980d2d6519f","order_id":"","type":"LIMIT","symbol":"MSFT","side":"SELL","price":547.2,"quantity":26}}
{"event_type":"order_sent","timestamp":"2026-05-19T18:38:28.0104829+05:30","order_sent":{"request_id":"e407f24a-35ef-45c8-91b0-194e3b22567a","order_id":"","type":"MARKET","symbol":"AAPL","side":"SELL","quantity":13}}
{"event_type":"order_sent","timestamp":"2026-05-19T18:38:28.0104829+05:30","order_sent":{"request_id":"9671100a-06e1-4b1c-b794-e969c937e325","order_id":"","type":"LIMIT","symbol":"AAPL","side":"SELL","price":153.87,"quantity":27}}
{"event_type":"order_sent","timestamp":"2026-05-19T18:38:28.0104829+05:30","order_sent":{"request_id":"30ffb1d8-62b2-409c-ae82-5b36f238b703","order_id":"ord-4179593082906448679","type":"CANCEL","symbol":"","side":""}}
{"event_type":"order_sent","timestamp":"2026-05-19T18:38:28.0104829+05:30","order_sent":{"request_id":"fd17e7d2-6fa2-40b7-8a1a-04d7aa4c03dd","order_id":"ord-1982383200177575177","type":"CANCEL","symbol":"","side":""}}
{"event_type":"order_sent","timestamp":"2026-05-19T18:38:28.0104829+05:30","order_sent":{"request_id":"b9683042-4659-40d0-b8c0-3c634b8e3264","order_id":"","type":"LIMIT","symbol":"GOOG","side":"SELL","price":654.23,"quantity":56}}
{"event_type":"order_sent","timestamp":"2026-05-19T18:38:28.0104829+05:30","order_sent":{"request_id":"50d7e36a-aa5d-45f6-8f07-cd8a3e01d73e","order_id":"","type":"MARKET","symbol":"AMZN","side":"BUY","quantity":39}}
{"event_type":"order_sent","timestamp":"2026-05-19T18:38:28.0104829+05:30","order_sent":{"request_id":"4e6cfb1d-f927-44a8-88f5-69333eef902b","order_id":"","type":"LIMIT","symbol":"GOOG","side":"BUY","price":773.05,"quantity":5}}
{"event_type":"order_sent","timestamp":"2026-05-19T18:38:28.0104829+05:30","order_sent":{"request_id":"4a3ce171-159e-4d17-9747-cfe7375e5e7f","order_id":"","type":"MARKET","symbol":"MSFT","side":"BUY","quantity":43}}
{"event_type":"order_sent","timestamp":"2026-05-19T18:38:28.0104829+05:30","order_sent":{"request_id":"2cfb683e-6631-4323-ae23-fd951171742e","order_id":"ord-5776917393046888471","type":"CANCEL","symbol":"","side":""}}
{"event_type":"order_sent","timestamp":"2026-05-19T18:38:28.0104829+05:30","order_sent":{"request_id":"0a4bb649-be31-478c-9166-35da147e6c33","order_id":"","type":"MARKET","symbol":"GOOG","side":"SELL","quantity":3}}
{"event_type":"order_sent","timestamp":"2026-05-19T18:38:28.0104829+05:30","order_sent":{"request_id":"fd585da8-e30f-4f0a-b389-fb1176792d25","order_id":"","type":"LIMIT","symbol":"AAPL","side":"SELL","price":646.92,"quantity":57}}
{"event_type":"order_sent","timestamp":"2026-05-19T18:38:28.0104829+05:30","order_sent":{"request_id":"46525aaf-8aaa-4b31-ad73-3142f8c604f2","order_id":"","type":"MARKET","symbol":"GOOG","side":"SELL","quantity":31}}
{"event_type":"order_sent","timestamp":"2026-05-19T18:38:28.0104829+05:30","order_sent":{"request_id":"9412b63f-12c0-40f0-b32b-4a3dedc49a96","order_id":"","type":"LIMIT","symbol":"TSLA","side":"BUY","price":398.23,"quantity":8}}
{"event_type":"order_sent","timestamp":"2026-05-19T18:38:28.0104829+05:30","order_sent":{"request_id":"464ea40b-0d79-4f60-a256-76d2ea774836","order_id":"","type":"MARKET","symbol":"TSLA","side":"BUY","quantity":4}}
{"event_type":"order_sent","timestamp":"2026-05-19T18:38:28.0104829+05:30","order_sent":{"request_id":"91077921-535d-4ce0-a831-0f189b4b6cac","order_id":"","type":"LIMIT","symbol":"AMZN","side":"SELL","price":690.7,"quantity":31}}
{"event_type":"order_sent","timestamp":"2026-05-19T18:38:28.0104829+05:30","order_sent":{"request_id":"e0f4cce5-3769-4599-980d-21b8abf0cc3f","order_id":"ord-1978197796750339972","type":"CANCEL","symbol":"","side":""}}
{"event_type":"order_sent","timestamp":"2026-05-19T18:38:28.0104829+05:30","order_sent":{"request_id":"3f8d1044-9fcf-4a98-8288-7d62936e8308","order_id":"","type":"LIMIT","symbol":"AAPL","side":"SELL","price":991.52,"quantity":98}}
{"event_type":"order_sent","timestamp":"2026-05-19T18:38:28.0104829+05:30","order_sent":{"request_id":"1f54f982-798c-40be-a109-766a26739d90","order_id":"","type":"LIMIT","symbol":"GOOG","side":"SELL","price":147.04,"quantity":45}}
{"event_type":"order_sent","timestamp":"2026-05-19T18:38:28.0104829+05:30","order_sent":{"request_id":"8c290d2f-4ae0-4ea5-a4eb-3c55fd52b1bb","order_id":"","type":"MARKET","symbol":"GOOG","side":"SELL","quantity":19}}
{"event_type":"order_sent","timestamp":"2026-05-19T18:38:28.0104829+05:30","order_sent":{"request_id":"e23d92fa-1508-458d-8a72-79f0f9d3a3ce","order_id":"","type":"LIMIT","symbol":"GOOG","side":"BUY","price":904.57,"quantity":39}}
{"event_type":"order_sent","timestamp":"2026-05-19T18:38:28.0104829+05:30","order_sent":{"request_id":"5480e091-3b2b-456f-8bd2-67b2001d556f","order_id":"","type":"LIMIT","symbol":"TSLA","side":"BUY","price":522.68,"quantity":82}}
{"event_type":"order_sent","timestamp":"2026-05-19T18:38:28.0104829+05:30","order_sent":{"request_id":"223a650c-15e5-4315-a85a-94bbe3771d31","order_id":"","type":"LIMIT","symbol":"AMZN","side":"SELL","price":746.56,"quantity":57}}
{"event_type":"order_sent","timestamp":"2026-05-19T18:38:28.0104829+05:30","order_sent":{"request_id":"8363d93f-0a2b-48e1-a920-ff1582fe9149","order_id":"","type":"LIMIT","symbol":"TSLA","side":"BUY","price":546.34,"quantity":42}}
{"event_type":"order_sent","timestamp":"2026-05-19T18:38:28.0104829+05:30","order_sent":{"request_id":"49bac4ca-4b71-4612-9e66-19210742bdc8","order_id":"","type":"LIMIT","symbol":"AMZN","side":"SELL","price":160,"quantity":95}}
{"event_type":"order_sent","timestamp":"2026-05-19T18:38:28.0104829+05:30","order_sent":{"request_id":"7b0592dc-badc-4113-b7c4-af9b15281bd4","order_id":"","type":"LIMIT","symbol":"GOOG","side":"BUY","price":229.88,"quantity":85}}
{"event_type":"order_sent","timestamp":"2026-05-19T18:38:28.0104829+05:30","order_sent":{"request_id":"bf7d088b-8624-40f8-aebd-9ab63f344a7d","order_id":"ord-7088987244354535351","type":"CANCEL","symbol":"","side":""}}
{"event_type":"order_sent","timestamp":"2026-05-19T18:38:28.0104829+05:30","order_sent":{"request_id":"0a170024-b77a-43ea-b324-8b9eff748010","order_id":"","type":"LIMIT","symbol":"TSLA","side":"SELL","price":965.15,"quantity":56}}
{"event_type":"order_sent","timestamp":"2026-05-19T18:38:28.0104829+05:30","order_sent":{"request_id":"630f6861-5cc2-45d2-acc5-6c2969ce000d","order_id":"","type":"LIMIT","symbol":"TSLA","side":"BUY","price":290.58,"quantity":92}}
{"event_type":"order_sent","timestamp":"2026-05-19T18:38:28.0104829+05:30","order_sent":{"request_id":"670a2bc5-7099-481e-b4b1-f3e528363ef5","order_id":"","type":"MARKET","symbol":"MSFT","side":"BUY","quantity":12}}
{"event_type":"order_sent","timestamp":"2026-05-19T18:38:28.0104829+05:30","order_sent":{"request_id":"dc1c140e-824e-41a8-b47a-b33effb9d100","order_id":"","type":"MARKET","symbol":"MSFT","side":"SELL","quantity":28}}
{"event_type":"order_sent","timestamp":"2026-05-19T18:38:28.0104829+05:30","order_sent":{"request_id":"3f6a5127-4008-4d34-91aa-9f69a0ee149d","order_id":"","type":"MARKET","symbol":"AAPL","side":"BUY","quantity":6}}
{"event_type":"order_sent","timestamp":"2026-05-19T18:38:28.0104829+05:30","order_sent":{"request_id":"ea984511-5f2a-4993-899e-22f0e2bf4962","order_id":"","type":"LIMIT","symbol":"AAPL","side":"SELL","price":631.78,"quantity":94}}
{"event_type":"order_sent","timestamp":"2026-05-19T18:38:28.0104829+05:30","order_sent":{"request_id":"07be8a9b-f9d7-4bee-98b2-438b3566e377","order_id":"ord-9215503522206721477","type":"CANCEL","symbol":"","side":""}}
{"event_type":"order_sent","timestamp":"2026-05-19T18:38:28.0104829+05:30","order_sent":{"request_id":"e0b6a105-3e95-4df3-b2ea-070e37b08246","order_id":"","type":"MARKET","symbol":"AAPL","side":"SELL","quantity":28}}
{"event_type":"order_sent","timestamp":"2026-05-19T18:38:28.0104829+05:30","order_sent":{"request_id":"62c29c1a-4fad-4243-8288-acda71aebea5","order_id":"","type":"LIMIT","symbol":"TSLA","side":"BUY","price":563.19,"quantity":39}}
{"event_type":"order_sent","timestamp":"2026-05-19T18:38:28.0104829+05:30","order_sent":{"request_id":"d432bd55-6820-423f-ae57-b238d12e552e","order_id":"","type":"MARKET","symbol":"MSFT","side":"BUY","quantity":39}}
{"event_type":"order_sent","timestamp":"2026-05-19T18:38:28.0098836+05:30","order_sent":{"request_id":"82580272-ca49-47ea-8628-6f4a368b3350","order_id":"","type":"LIMIT","symbol":"MSFT","side":"BUY","price":375.13,"quantity":80}}
{"event_type":"order_sent","timestamp":"2026-05-19T18:38:28.0104829+05:30","order_sent":{"request_id":"b69777ad-e830-4cc2-9b4b-9b5c65854ae8","order_id":"","type":"MARKET","symbol":"GOOG","side":"BUY","quantity":43}}
{"event_type":"order_sent","timestamp":"2026-05-19T18:38:28.0104829+05:30","order_sent":{"request_id":"ab14390c-83c3-4735-ab43-e5640ea68451","order_id":"","type":"MARKET","symbol":"AMZN","side":"SELL","quantity":43}}
{"event_type":"order_sent","timestamp":"2026-05-19T18:38:28.0104829+05:30","order_sent":{"request_id":"b45dc7d3-c7a1-42f1-9d3b-f644ca32e0e3","order_id":"","type":"LIMIT","symbol":"AMZN","side":"SELL","price":586.13,"quantity":96}}
{"event_type":"order_sent","timestamp":"2026-05-19T18:38:28.0104829+05:30","order_sent":{"request_id":"366461fc-1841-4abd-831b-3b31c6215341","order_id":"ord-1879839796289094148","type":"CANCEL","symbol":"","side":""}}
{"event_type":"order_sent","timestamp":"2026-05-19T18:38:28.0104829+05:30","order_sent":{"request_id":"a5c11b6d-9d55-4a85-93a0-9d3aa5ab746a","order_id":"ord-6780545134543165080","type":"CANCEL","symbol":"","side":""}}
{"event_type":"order_sent","timestamp":"2026-05-19T18:38:28.0104829+05:30","order_sent":{"request_id":"faf47291-a786-4f03-afa3-c6735f75b309","order_id":"","type":"LIMIT","symbol":"MSFT","side":"BUY","price":406.14,"quantity":80}}
{"event_type":"order_sent","timestamp":"2026-05-19T18:38:28.0104829+05:30","order_sent":{"request_id":"8d7b7312-5994-4007-ae57-fe01a22ad54e","order_id":"","type":"MARKET","symbol":"TSLA","side":"BUY","quantity":45}}
{"event_type":"order_sent","timestamp":"2026-05-19T18:38:28.0104829+05:30","order_sent":{"request_id":"b69872e3-7553-461d-8503-6adf8df8840e","order_id":"","type":"MARKET","symbol":"AMZN","side":"SELL","quantity":24}}
{"event_type":"order_sent","timestamp":"2026-05-19T18:38:28.0104829+05:30","order_sent":{"request_id":"c395fcd3-a2f2-40e0-9fe4-3a87f8bc9b57","order_id":"ord-4101338656939893340","type":"CANCEL","symbol":"","side":""}}
{"event_type":"order_sent","timestamp":"2026-05-19T18:38:28.0104829+05:30","order_sent":{"request_id":"7e6aff59-a996-47bc-9b3f-6bd7925eba2d","order_id":"ord-2001851396813549560","type":"CANCEL","symbol":"","side":""}}
{"event_type":"order_sent","timestamp":"2026-05-19T18:38:28.0104829+05:30","order_sent":{"request_id":"1526e7a1-1498-4471-8c3a-2f5644718e98","order_id":"","type":"LIMIT","symbol":"TSLA","side":"BUY","price":926.85,"quantity":38}}
{"event_type":"order_sent","timestamp":"2026-05-19T18:38:28.0104829+05:30","order_sent":{"request_id":"f2c1c734-56dd-4455-979e-ec94bca48102","order_id":"","type":"LIMIT","symbol":"AAPL","side":"SELL","price":129.7,"quantity":21}}
{"event_type":"order_sent","timestamp":"2026-05-19T18:38:28.0104829+05:30","order_sent":{"request_id":"12b72aaf-6f2d-44e7-a237-5709ed7ba325","order_id":"","type":"LIMIT","symbol":"GOOG","side":"BUY","price":112.37,"quantity":55}}
{"event_type":"order_sent","timestamp":"2026-05-19T18:38:28.0104829+05:30","order_sent":{"request_id":"7811ea9f-d755-4ca6-9012-bdc617df869c","order_id":"","type":"LIMIT","symbol":"MSFT","side":"SELL","price":253.15,"quantity":15}}
{"event_type":"order_sent","timestamp":"2026-05-19T18:38:28.0104829+05:30","order_sent":{"request_id":"cd84cf97-7b15-48a2-b24e-66ed1fefffce","order_id":"ord-262697491525194056","type":"CANCEL","symbol":"","side":""}}
{"event_type":"order_sent","timestamp":"2026-05-19T18:38:28.0104829+05:30","order_sent":{"request_id":"49dde025-9644-428c-979f-6b0f4cb80d6c","order_id":"","type":"LIMIT","symbol":"TSLA","side":"SELL","price":623.53,"quantity":52}}
{"event_type":"order_sent","timestamp":"2026-05-19T18:38:28.0104829+05:30","order_sent":{"request_id":"4a255441-b892-4650-8c82-cb772e216556","order_id":"","type":"LIMIT","symbol":"MSFT","side":"SELL","price":954.63,"quantity":19}}
{"event_type":"order_sent","timestamp":"2026-05-19T18:38:28.0104829+05:30","order_sent":{"request_id":"e153c88e-80e4-4773-8979-4192b3a99d42","order_id":"","type":"LIMIT","symbol":"MSFT","side":"SELL","price":907.36,"quantity":66}}
{"event_type":"order_acked","timestamp":"2026-05-19T18:38:28.0195422+05:30","order_acked":{"request_id":"6973fe93-826e-4cb2-8c56-97f5a5c2c94a","status_code":200}}
{"event_type":"order_acked","timestamp":"2026-05-19T18:38:28.0248681+05:30","order_acked":{"request_id":"c1426e53-c7ba-4aa2-b236-c5fb28e295cc","status_code":200}}
{"event_type":"order_acked","timestamp":"2026-05-19T18:38:28.0406819+05:30","order_acked":{"request_id":"f97b61bc-fde1-426a-b0a6-f2161f3d0a6a","status_code":201}}
{"event_type":"order_acked","timestamp":"2026-05-19T18:38:28.0570981+05:30","order_acked":{"request_id":"8d700d85-25de-4494-91d6-67fe6bb1724f","status_code":201}}
{"event_type":"order_acked","timestamp":"2026-05-19T18:38:28.059231+05:30","order_acked":{"request_id":"72363487-14d8-4e49-970f-27a3f0f6654a","status_code":201}}
{"event_type":"order_acked","timestamp":"2026-05-19T18:38:28.0628577+05:30","order_acked":{"request_id":"e7c7c481-0ff6-4506-b391-6de60485661f","status_code":201}}
{"event_type":"order_acked","timestamp":"2026-05-19T18:38:28.0635401+05:30","order_acked":{"request_id":"5828f81c-eb4f-4cca-9af0-8f9875dc2a6b","status_code":201}}
{"event_type":"order_acked","timestamp":"2026-05-19T18:38:28.0635401+05:30","order_acked":{"request_id":"5b2c2724-c9ca-4be1-823c-3132945c4638","status_code":201}}
{"event_type":"order_acked","timestamp":"2026-05-19T18:38:28.0635401+05:30","order_acked":{"request_id":"0ed0b2f8-1851-4604-a09e-9c0f72bca440","status_code":201}}
{"event_type":"execution_report","timestamp":"2026-05-19T18:38:28.073023+05:30","execution":{"order_id":"9e6dc5af-6fd9-44bf-a1b9-7080795d1b41","symbol":"GOOG","side":"BUY","status":"filled","filled_qty":80,"leaves_qty":0,"price":311.77,"timestamp":"2026-05-19T13:08:28Z","match_id":"430cb0ee-434b-4ca7-9790-4fb55f91f346"}}
{"event_type":"execution_report","timestamp":"2026-05-19T18:38:28.0772677+05:30","execution":{"order_id":"0d9211f7-c174-4f5a-8fd1-0e104f08a84b","symbol":"TSLA","side":"SELL","status":"filled","filled_qty":41,"leaves_qty":0,"price":521.62,"timestamp":"2026-05-19T13:08:28Z","match_id":"328d3f6f-7587-4784-bc56-8d4b53f0fc3f"}}
{"event_type":"execution_report","timestamp":"2026-05-19T18:38:28.0799842+05:30","execution":{"order_id":"827cbf1f-e85a-448a-b829-454b76a92330","symbol":"AAPL","side":"BUY","status":"filled","filled_qty":45,"leaves_qty":0,"price":600.8,"timestamp":"2026-05-19T13:08:28Z","match_id":"167705cf-9783-446d-a0cd-bc788568c0ee"}}
{"event_type":"execution_report","timestamp":"2026-05-19T18:38:28.0804944+05:30","execution":{"order_id":"dfaf5ee3-ff8a-438f-9f72-c841cb9b87a9","symbol":"GOOG","side":"BUY","status":"filled","filled_qty":47,"leaves_qty":0,"price":537.12,"timestamp":"2026-05-19T13:08:28Z","match_id":"fe26ef94-aee3-45a8-9147-d43c877bb156"}}
{"event_type":"execution_report","timestamp":"2026-05-19T18:38:28.0804944+05:30","execution":{"order_id":"666f7fdb-8e98-4f88-8b2c-0596c2161bff","symbol":"MSFT","side":"SELL","status":"filled","filled_qty":71,"leaves_qty":0,"price":665.05,"timestamp":"2026-05-19T13:08:28Z","match_id":"d08095f1-03e0-4c6f-b559-681578a4aba7"}}
{"event_type":"execution_report","timestamp":"2026-05-19T18:38:28.0804944+05:30","execution":{"order_id":"cb3c00f5-4a48-480d-8170-e4b3cdfcad73","symbol":"AMZN","side":"SELL","status":"filled","filled_qty":72,"leaves_qty":0,"price":472.9,"timestamp":"2026-05-19T13:08:28Z","match_id":"73bf6f4f-2774-41d9-9699-be0461e6625c"}}
{"event_type":"execution_report","timestamp":"2026-05-19T18:38:28.0804944+05:30","execution":{"order_id":"6d9026bd-d36b-4326-9784-9949a1f5c16e","symbol":"MSFT","side":"SELL","status":"filled","filled_qty":18,"leaves_qty":0,"price":827.41,"timestamp":"2026-05-19T13:08:28Z","match_id":"b414dcc4-4452-4770-b831-730dc29f42a4"}}
{"event_type":"order_acked","timestamp":"2026-05-19T18:38:28.0924133+05:30","order_acked":{"request_id":"a54ae512-143c-4ec7-8aa4-03ecfe6dd393","status_code":201}}
{"event_type":"order_acked","timestamp":"2026-05-19T18:38:28.0989889+05:30","order_acked":{"request_id":"88fe8243-e261-4017-b0e1-40becd30a2f0","status_code":201}}
{"event_type":"order_acked","timestamp":"2026-05-19T18:38:28.0989889+05:30","order_acked":{"request_id":"be563ca4-2292-4195-8b2f-9247cb252667","status_code":200}}
{"event_type":"order_acked","timestamp":"2026-05-19T18:38:28.1077629+05:30","order_acked":{"request_id":"4a628021-6d95-45b3-810a-c42351aebc2b","status_code":201}}
{"event_type":"order_acked","timestamp":"2026-05-19T18:38:28.1083003+05:30","order_acked":{"request_id":"c8f96943-f5da-43d1-a421-c3124d30327d","status_code":201}}
{"event_type":"order_acked","timestamp":"2026-05-19T18:38:28.1083003+05:30","order_acked":{"request_id":"b24eb02d-a0fd-455b-8445-bebed6318a70","status_code":201}}
{"event_type":"order_acked","timestamp":"2026-05-19T18:38:28.1083003+05:30","order_acked":{"request_id":"bdf12a6e-8714-4458-9db3-5d5c7869b43c","status_code":201}}
{"event_type":"order_acked","timestamp":"2026-05-19T18:38:28.1239158+05:30","order_acked":{"request_id":"21421c9a-a4c7-4f3e-94f1-d94c783a03b0","status_code":201}}
{"event_type":"order_acked","timestamp":"2026-05-19T18:38:28.1355587+05:30","order_acked":{"request_id":"14687cf3-bbc0-4765-a9e0-0cc2f6aead25","status_code":200}}
{"event_type":"order_acked","timestamp":"2026-05-19T18:38:28.1355587+05:30","order_acked":{"request_id":"086573b0-152f-4055-8eb0-7ccc6b0a7d43","status_code":201}}
{"event_type":"order_acked","timestamp":"2026-05-19T18:38:28.1355587+05:30","order_acked":{"request_id":"d91168e9-cc0c-4c50-9da4-0a95554a43b2","status_code":201}}
{"event_type":"order_acked","timestamp":"2026-05-19T18:38:28.1355587+05:30","order_acked":{"request_id":"7e326814-ee8f-4969-8fe2-7da5b72946fe","status_code":200}}
{"event_type":"execution_report","timestamp":"2026-05-19T18:38:28.1361603+05:30","execution":{"order_id":"5a2bc3b5-26e8-4b50-83d5-b45303ca3054","symbol":"MSFT","side":"SELL","status":"filled","filled_qty":81,"leaves_qty":0,"price":885.01,"timestamp":"2026-05-19T13:08:28Z","match_id":"57d96a9e-efaf-4d1b-9a67-808bce92d36b"}}
{"event_type":"execution_report","timestamp":"2026-05-19T18:38:28.1379531+05:30","execution":{"order_id":"d5a2a13c-13a8-4fd7-84fe-c947e41dd92f","symbol":"MSFT","side":"SELL","status":"filled","filled_qty":1,"leaves_qty":0,"price":216.42,"timestamp":"2026-05-19T13:08:28Z","match_id":"a606599e-dab3-4133-b6b7-79d90735ff97"}}
{"event_type":"order_acked","timestamp":"2026-05-19T18:38:28.1414114+05:30","order_acked":{"request_id":"055750d3-0f19-499f-b3dd-e10cbd3e4bdf","status_code":201}}
{"event_type":"order_acked","timestamp":"2026-05-19T18:38:28.1447945+05:30","order_acked":{"request_id":"c14d7da7-1817-42d4-b353-79e1ddcbd267","status_code":201}}
{"event_type":"order_acked","timestamp":"2026-05-19T18:38:28.145895+05:30","order_acked":{"request_id":"fd0332aa-4a40-445b-8b1c-24564579a0f9","status_code":201}}
{"event_type":"order_acked","timestamp":"2026-05-19T18:38:28.1492652+05:30","order_acked":{"request_id":"17cc7baf-6588-4545-8b12-d14839c7fbe8","status_code":201}}
{"event_type":"order_acked","timestamp":"2026-05-19T18:38:28.1503739+05:30","order_acked":{"request_id":"274e2cd1-9862-4402-8215-00149fb82c2b","status_code":201}}
{"event_type":"order_acked","timestamp":"2026-05-19T18:38:28.1519839+05:30","order_acked":{"request_id":"c3199af1-9e31-4db8-b0ef-d2f61315eed0","status_code":200}}
{"event_type":"execution_report","timestamp":"2026-05-19T18:38:28.153159+05:30","execution":{"order_id":"7fc3b90f-3330-429d-96c8-95c0405e529b","symbol":"AAPL","side":"SELL","status":"filled","filled_qty":40,"leaves_qty":0,"price":149.62,"timestamp":"2026-05-19T13:08:28Z","match_id":"c334ce2e-b76d-41d0-b101-e0fb7d9da9d9"}}
{"event_type":"order_acked","timestamp":"2026-05-19T18:38:28.1548245+05:30","order_acked":{"request_id":"73c5e178-f8a8-4fa7-ac8f-203199665982","status_code":201}}
{"event_type":"order_acked","timestamp":"2026-05-19T18:38:28.1558951+05:30","order_acked":{"request_id":"34f41167-ab18-4ae5-889a-b784e82b35fb","status_code":201}}
{"event_type":"execution_report","timestamp":"2026-05-19T18:38:28.1558951+05:30","execution":{"order_id":"5dda22af-2a42-40a6-a9de-64a064aa7ee7","symbol":"GOOG","side":"SELL","status":"filled","filled_qty":90,"leaves_qty":0,"price":485.44,"timestamp":"2026-05-19T13:08:28Z","match_id":"586b5b62-a5b0-4ed1-b369-1aaa19c1a674"}}
{"event_type":"order_acked","timestamp":"2026-05-19T18:38:28.1570092+05:30","order_acked":{"request_id":"3161673f-8b51-4cfb-b2a3-df8806599582","status_code":201}}
{"event_type":"execution_report","timestamp":"2026-05-19T18:38:28.1621041+05:30","execution":{"order_id":"5b7775c9-ae6f-4b23-a86a-7106155bab4d","symbol":"AAPL","side":"SELL","status":"filled","filled_qty":31,"leaves_qty":0,"price":612.51,"timestamp":"2026-05-19T13:08:28Z","match_id":"4e95da82-abef-4db1-b9ca-f137c04d80ed"}}
{"event_type":"order_acked","timestamp":"2026-05-19T18:38:28.1644451+05:30","order_acked":{"request_id":"bd2c0967-65f6-49bb-914f-781d290ff9fa","status_code":200}}
{"event_type":"order_acked","timestamp":"2026-05-19T18:38:28.1661164+05:30","order_acked":{"request_id":"e23d92fa-1508-458d-8a72-79f0f9d3a3ce","status_code":201}}
{"event_type":"order_acked","timestamp":"2026-05-19T18:38:28.1684861+05:30","order_acked":{"request_id":"fa55a159-7808-46e1-b75d-609f3e7c6cf8","status_code":201}}
{"event_type":"order_acked","timestamp":"2026-05-19T18:38:28.1701352+05:30","order_acked":{"request_id":"5480e091-3b2b-456f-8bd2-67b2001d556f","status_code":201}}
{"event_type":"order_acked","timestamp":"2026-05-19T18:38:28.1701352+05:30","order_acked":{"request_id":"e153c88e-80e4-4773-8979-4192b3a99d42","status_code":201}}
{"event_type":"execution_report","timestamp":"2026-05-19T18:38:28.1716519+05:30","execution":{"order_id":"06dbfb33-bbee-4974-85f6-868772b58c8f","symbol":"GOOG","side":"BUY","status":"filled","filled_qty":39,"leaves_qty":0,"price":904.57,"timestamp":"2026-05-19T13:08:28Z","match_id":"44df5fb0-34a6-40d6-9217-fe4fa5a58556"}}
{"event_type":"execution_report","timestamp":"2026-05-19T18:38:28.173948+05:30","execution":{"order_id":"45f29a07-1eed-4068-bfe7-f911b3aeda04","symbol":"TSLA","side":"BUY","status":"filled","filled_qty":82,"leaves_qty":0,"price":522.68,"timestamp":"2026-05-19T13:08:28Z","match_id":"d1c3d493-c513-4e78-aed6-ea4e2fc573d1"}}
{"event_type":"execution_report","timestamp":"2026-05-19T18:38:28.1767057+05:30","execution":{"order_id":"e4171f06-b91a-43dc-a308-64fdd1fc980f","symbol":"MSFT","side":"SELL","status":"filled","filled_qty":66,"leaves_qty":0,"price":907.36,"timestamp":"2026-05-19T13:08:28Z","match_id":"e7f1925a-4e7f-4c1a-9327-85c5411db16b"}}
{"event_type":"order_acked","timestamp":"2026-05-19T18:38:28.1816268+05:30","order_acked":{"request_id":"3f6a5127-4008-4d34-91aa-9f69a0ee149d","status_code":201}}
{"event_type":"order_acked","timestamp":"2026-05-19T18:38:28.1849052+05:30","order_acked":{"request_id":"bf7d088b-8624-40f8-aebd-9ab63f344a7d","status_code":200}}
{"event_type":"execution_report","timestamp":"2026-05-19T18:38:28.1871011+05:30","execution":{"order_id":"def0fc79-55b7-4264-8c1a-ad2d7824fcae","symbol":"AMZN","side":"SELL","status":"filled","filled_qty":57,"leaves_qty":0,"price":746.56,"timestamp":"2026-05-19T13:08:28Z","match_id":"1b4a6cd8-fe5e-4eda-8efc-a3fa275713e7"}}
{"event_type":"order_acked","timestamp":"2026-05-19T18:38:28.1876629+05:30","order_acked":{"request_id":"223a650c-15e5-4315-a85a-94bbe3771d31","status_code":201}}
{"event_type":"order_acked","timestamp":"2026-05-19T18:38:28.1898782+05:30","order_acked":{"request_id":"366461fc-1841-4abd-831b-3b31c6215341","status_code":200}}
{"event_type":"order_acked","timestamp":"2026-05-19T18:38:28.1898782+05:30","order_acked":{"request_id":"65319d1c-480a-46dd-a4b2-3e04c6b4b5f7","status_code":201}}
{"event_type":"order_acked","timestamp":"2026-05-19T18:38:28.1921197+05:30","order_acked":{"request_id":"8363d93f-0a2b-48e1-a920-ff1582fe9149","status_code":201}}
{"event_type":"execution_report","timestamp":"2026-05-19T18:38:28.1926875+05:30","execution":{"order_id":"37535f39-8738-4fad-84aa-3d09b2674bcc","symbol":"MSFT","side":"SELL","status":"filled","filled_qty":2,"leaves_qty":0,"price":915.33,"timestamp":"2026-05-19T13:08:28Z","match_id":"bf18a50b-382a-4f02-a886-569c21fe36c5"}}
{"event_type":"order_acked","timestamp":"2026-05-19T18:38:28.1949329+05:30","order_acked":{"request_id":"b45dc7d3-c7a1-42f1-9d3b-f644ca32e0e3","status_code":201}}
{"event_type":"execution_report","timestamp":"2026-05-19T18:38:28.1987957+05:30","execution":{"order_id":"3a536601-0967-407f-84de-b11f820a54d6","symbol":"TSLA","side":"BUY","status":"filled","filled_qty":42,"leaves_qty":0,"price":546.34,"timestamp":"2026-05-19T13:08:28Z","match_id":"bb04360d-36ee-4711-8700-0b684c675cb3"}}
{"event_type":"order_acked","timestamp":"2026-05-19T18:38:28.201155+05:30","order_acked":{"request_id":"a5c11b6d-9d55-4a85-93a0-9d3aa5ab746a","status_code":200}}
{"event_type":"execution_report","timestamp":"2026-05-19T18:38:28.2017424+05:30","execution":{"order_id":"14bcdb9f-cf82-455e-b6ce-1b962d5716be","symbol":"AMZN","side":"SELL","status":"filled","filled_qty":96,"leaves_qty":0,"price":586.13,"timestamp":"2026-05-19T13:08:28Z","match_id":"69e02c3e-6b07-4611-baad-a16d91ff8c27"}}
{"event_type":"order_acked","timestamp":"2026-05-19T18:38:28.2045543+05:30","order_acked":{"request_id":"b0650a2e-3a90-42ab-8de4-76dacb654089","status_code":201}}
{"event_type":"order_acked","timestamp":"2026-05-19T18:38:28.20677+05:30","order_acked":{"request_id":"630f6861-5cc2-45d2-acc5-6c2969ce000d","status_code":201}}
{"event_type":"execution_report","timestamp":"2026-05-19T18:38:28.2090912+05:30","execution":{"order_id":"11f151e2-b04a-42e6-9132-9f3fbd3c20ae","symbol":"TSLA","side":"BUY","status":"filled","filled_qty":96,"leaves_qty":0,"price":811.04,"timestamp":"2026-05-19T13:08:28Z","match_id":"6d68a155-d6bf-435e-90d8-718c85059562"}}
{"event_type":"order_acked","timestamp":"2026-05-19T18:38:28.2119782+05:30","order_acked":{"request_id":"9d349490-fc31-47c2-a8b2-486255048950","status_code":201}}
{"event_type":"execution_report","timestamp":"2026-05-19T18:38:28.2159754+05:30","execution":{"order_id":"541fc408-60d8-400c-87c4-5a0fbc2a3014","symbol":"TSLA","side":"BUY","status":"filled","filled_qty":92,"leaves_qty":0,"price":290.58,"timestamp":"2026-05-19T13:08:28Z","match_id":"e80515a0-c726-4778-83b2-4ba5f7f141da"}}
{"event_type":"order_acked","timestamp":"2026-05-19T18:38:28.2173067+05:30","order_acked":{"request_id":"62c29c1a-4fad-4243-8288-acda71aebea5","status_code":201}}
{"event_type":"order_acked","timestamp":"2026-05-19T18:38:28.2202152+05:30","order_acked":{"request_id":"07be8a9b-f9d7-4bee-98b2-438b3566e377","status_code":200}}
{"event_type":"execution_report","timestamp":"2026-05-19T18:38:28.2202152+05:30","execution":{"order_id":"c98c7fb1-ea02-4259-be5c-9f986d14a2d6","symbol":"TSLA","side":"BUY","status":"filled","filled_qty":39,"leaves_qty":0,"price":563.19,"timestamp":"2026-05-19T13:08:28Z","match_id":"6b31bfa7-6a84-4c2e-b203-dfd4eaf5353f"}}
{"event_type":"order_acked","timestamp":"2026-05-19T18:38:28.2241793+05:30","order_acked":{"request_id":"e95e9b89-b74d-41c2-9ee9-13e593e3298c","status_code":201}}
{"event_type":"order_acked","timestamp":"2026-05-19T18:38:28.2270095+05:30","order_acked":{"request_id":"b69872e3-7553-461d-8503-6adf8df8840e","status_code":201}}
{"event_type":"order_acked","timestamp":"2026-05-19T18:38:28.2378344+05:30","order_acked":{"request_id":"0a170024-b77a-43ea-b324-8b9eff748010","status_code":201}}
{"event_type":"order_acked","timestamp":"2026-05-19T18:38:28.2389854+05:30","order_acked":{"request_id":"8d7b7312-5994-4007-ae57-fe01a22ad54e","status_code":201}}
{"event_type":"order_acked","timestamp":"2026-05-19T18:38:28.240069+05:30","order_acked":{"request_id":"7b0592dc-badc-4113-b7c4-af9b15281bd4","status_code":201}}
{"event_type":"order_acked","timestamp":"2026-05-19T18:38:28.2417526+05:30","order_acked":{"request_id":"ea984511-5f2a-4993-899e-22f0e2bf4962","status_code":201}}
{"event_type":"order_acked","timestamp":"2026-05-19T18:38:28.2417526+05:30","order_acked":{"request_id":"faf47291-a786-4f03-afa3-c6735f75b309","status_code":201}}
{"event_type":"execution_report","timestamp":"2026-05-19T18:38:28.2422965+05:30","execution":{"order_id":"7a683d95-af48-44bd-839f-50f2ba82e5de","symbol":"TSLA","side":"SELL","status":"filled","filled_qty":56,"leaves_qty":0,"price":965.15,"timestamp":"2026-05-19T13:08:28Z","match_id":"2ecd3d13-cf28-40e2-8f95-1f7852f16c8f"}}
{"event_type":"order_acked","timestamp":"2026-05-19T18:38:28.2434437+05:30","order_acked":{"request_id":"49bac4ca-4b71-4612-9e66-19210742bdc8","status_code":201}}
{"event_type":"order_acked","timestamp":"2026-05-19T18:38:28.2458973+05:30","order_acked":{"request_id":"dc1c140e-824e-41a8-b47a-b33effb9d100","status_code":201}}
{"event_type":"execution_report","timestamp":"2026-05-19T18:38:28.2476182+05:30","execution":{"order_id":"64bf031f-aa88-4be2-b96f-ae1b0f50a297","symbol":"AAPL","side":"SELL","status":"filled","filled_qty":94,"leaves_qty":0,"price":631.78,"timestamp":"2026-05-19T13:08:28Z","match_id":"c02b3be4-e6ff-41db-90c4-b1f00ccb9ef1"}}
{"event_type":"execution_report","timestamp":"2026-05-19T18:38:28.2487853+05:30","execution":{"order_id":"f3057a61-1db5-41c4-9cdb-92d05e3cfb51","symbol":"MSFT","side":"BUY","status":"filled","filled_qty":80,"leaves_qty":0,"price":406.14,"timestamp":"2026-05-19T13:08:28Z","match_id":"2e3e6930-8a4e-4096-bd10-53f825ebaa60"}}
{"event_type":"order_acked","timestamp":"2026-05-19T18:38:28.2511135+05:30","order_acked":{"request_id":"d432bd55-6820-423f-ae57-b238d12e552e","status_code":201}}
{"event_type":"execution_report","timestamp":"2026-05-19T18:38:28.251851+05:30","execution":{"order_id":"c288f06a-2d64-484d-a3b2-3136d0863d8a","symbol":"AMZN","side":"SELL","status":"filled","filled_qty":95,"leaves_qty":0,"price":160,"timestamp":"2026-05-19T13:08:28Z","match_id":"317b97b1-f388-4cf7-8ead-d8b7e2985dd8"}}
{"event_type":"execution_report","timestamp":"2026-05-19T18:38:28.2524306+05:30","execution":{"order_id":"6cb2aef2-41e6-4824-8e96-56e66960e6cf","symbol":"GOOG","side":"BUY","status":"filled","filled_qty":85,"leaves_qty":0,"price":229.88,"timestamp":"2026-05-19T13:08:28Z","match_id":"4759e1ff-109e-4222-89d8-0f054dec2d89"}}
{"event_type":"order_acked","timestamp":"2026-05-19T18:38:28.2576674+05:30","order_acked":{"request_id":"a5c6d566-a8d4-4719-b4ba-334a9aed4f9b","status_code":200}}
{"event_type":"order_acked","timestamp":"2026-05-19T18:38:28.2604177+05:30","order_acked":{"request_id":"c395fcd3-a2f2-40e0-9fe4-3a87f8bc9b57","status_code":200}}
{"event_type":"order_acked","timestamp":"2026-05-19T18:38:28.2621868+05:30","order_acked":{"request_id":"e0b6a105-3e95-4df3-b2ea-070e37b08246","status_code":201}}
{"event_type":"order_acked","timestamp":"2026-05-19T18:38:28.2679129+05:30","order_acked":{"request_id":"ab14390c-83c3-4735-ab43-e5640ea68451","status_code":201}}
{"event_type":"order_acked","timestamp":"2026-05-19T18:38:28.2718085+05:30","order_acked":{"request_id":"82580272-ca49-47ea-8628-6f4a368b3350","status_code":201}}
{"event_type":"order_acked","timestamp":"2026-05-19T18:38:28.2735125+05:30","order_acked":{"request_id":"7834eeb7-bd6c-403b-845d-c83c51db17ce","status_code":201}}
{"event_type":"order_acked","timestamp":"2026-05-19T18:38:28.2769774+05:30","order_acked":{"request_id":"917b7522-1e06-48c5-aa73-7980d2d6519f","status_code":201}}
{"event_type":"execution_report","timestamp":"2026-05-19T18:38:28.2788841+05:30","execution":{"order_id":"ebf49e39-5889-47c7-8f03-ba58c3525522","symbol":"MSFT","side":"BUY","status":"filled","filled_qty":80,"leaves_qty":0,"price":375.13,"timestamp":"2026-05-19T13:08:28Z","match_id":"f0d41b90-a219-4b4b-be97-b35442c7cd96"}}
{"event_type":"order_acked","timestamp":"2026-05-19T18:38:28.2817202+05:30","order_acked":{"request_id":"50d7e36a-aa5d-45f6-8f07-cd8a3e01d73e","status_code":201}}
{"event_type":"order_acked","timestamp":"2026-05-19T18:38:28.283452+05:30","order_acked":{"request_id":"4e6cfb1d-f927-44a8-88f5-69333eef902b","status_code":201}}
{"event_type":"order_acked","timestamp":"2026-05-19T18:38:28.2860879+05:30","order_acked":{"request_id":"66e62156-309c-44d3-a38d-842c397ea52d","status_code":201}}
{"event_type":"execution_report","timestamp":"2026-05-19T18:38:28.2872468+05:30","execution":{"order_id":"c47a9a61-114d-43a3-8346-c1c7a56954c8","symbol":"MSFT","side":"SELL","status":"filled","filled_qty":26,"leaves_qty":0,"price":547.2,"timestamp":"2026-05-19T13:08:28Z","match_id":"bb3c6173-dd9f-47a6-b8a3-982926508154"}}
{"event_type":"execution_report","timestamp":"2026-05-19T18:38:28.2901053+05:30","execution":{"order_id":"5205c913-3641-4bb7-ad99-4e1f0548dc32","symbol":"GOOG","side":"BUY","status":"filled","filled_qty":5,"leaves_qty":0,"price":773.05,"timestamp":"2026-05-19T13:08:28Z","match_id":"66659f9f-66bd-4001-9d23-01b11c268b3e"}}
{"event_type":"order_acked","timestamp":"2026-05-19T18:38:28.2927749+05:30","order_acked":{"request_id":"fd17e7d2-6fa2-40b7-8a1a-04d7aa4c03dd","status_code":200}}
{"event_type":"order_acked","timestamp":"2026-05-19T18:38:28.2974591+05:30","order_acked":{"request_id":"670a2bc5-7099-481e-b4b1-f3e528363ef5","status_code":201}}
{"event_type":"order_acked","timestamp":"2026-05-19T18:38:28.2980441+05:30","order_acked":{"request_id":"7b9d58d5-4a2b-42d2-b668-c4c6202e9a69","status_code":201}}
{"event_type":"order_acked","timestamp":"2026-05-19T18:38:28.3015226+05:30","order_acked":{"request_id":"b69777ad-e830-4cc2-9b4b-9b5c65854ae8","status_code":201}}
{"event_type":"execution_report","timestamp":"2026-05-19T18:38:28.3026681+05:30","execution":{"order_id":"84af4db9-97ed-4a8a-886b-56beeacc8077","symbol":"MSFT","side":"SELL","status":"filled","filled_qty":36,"leaves_qty":0,"price":320.07,"timestamp":"2026-05-19T13:08:28Z","match_id":"ab9055b8-8909-4430-a59e-948e3f616eff"}}
{"event_type":"order_acked","timestamp":"2026-05-19T18:38:28.3072667+05:30","order_acked":{"request_id":"4a3ce171-159e-4d17-9747-cfe7375e5e7f","status_code":201}}
{"event_type":"order_acked","timestamp":"2026-05-19T18:38:28.3100286+05:30","order_acked":{"request_id":"5b6bc69d-91ed-42f8-8e56-79528a98e567","status_code":201}}
{"event_type":"order_acked","timestamp":"2026-05-19T18:38:28.3134698+05:30","order_acked":{"request_id":"b9683042-4659-40d0-b8c0-3c634b8e3264","status_code":201}}
{"event_type":"execution_report","timestamp":"2026-05-19T18:38:28.3185172+05:30","execution":{"order_id":"3d149d63-34d1-4750-8468-2ca78f32d918","symbol":"AAPL","side":"BUY","status":"filled","filled_qty":26,"leaves_qty":0,"price":864.54,"timestamp":"2026-05-19T13:08:28Z","match_id":"bc9335aa-8add-4c25-9578-0fc2954bdef2"}}
{"event_type":"order_acked","timestamp":"2026-05-19T18:38:28.3201613+05:30","order_acked":{"request_id":"e190c689-f7f3-47ca-9de2-311d8d0ad9b8","status_code":201}}
{"event_type":"execution_report","timestamp":"2026-05-19T18:38:28.3217957+05:30","execution":{"order_id":"ca73bf98-fab7-4068-92db-2272ae9b9c75","symbol":"GOOG","side":"SELL","status":"filled","filled_qty":56,"leaves_qty":0,"price":654.23,"timestamp":"2026-05-19T13:08:28Z","match_id":"aeaa0e5f-2424-4e80-bd59-5afc786d0498"}}
{"event_type":"order_acked","timestamp":"2026-05-19T18:38:28.3246948+05:30","order_acked":{"request_id":"0a4bb649-be31-478c-9166-35da147e6c33","status_code":201}}
{"event_type":"order_acked","timestamp":"2026-05-19T18:38:28.3264288+05:30","order_acked":{"request_id":"fd585da8-e30f-4f0a-b389-fb1176792d25","status_code":201}}
{"event_type":"execution_report","timestamp":"2026-05-19T18:38:28.3289916+05:30","execution":{"order_id":"3cfd973c-55b1-49e5-8daf-da2b50f89dcf","symbol":"MSFT","side":"SELL","status":"filled","filled_qty":61,"leaves_qty":0,"price":858.15,"timestamp":"2026-05-19T13:08:28Z","match_id":"5a509bf8-6da7-45b1-965e-a81d8f423bb1"}}
{"event_type":"order_acked","timestamp":"2026-05-19T18:38:28.3307085+05:30","order_acked":{"request_id":"30ffb1d8-62b2-409c-ae82-5b36f238b703","status_code":200}}
{"event_type":"order_acked","timestamp":"2026-05-19T18:38:28.3312417+05:30","order_acked":{"request_id":"2cfb683e-6631-4323-ae23-fd951171742e","status_code":200}}
