{"event_type":"order_sent","timestamp":"2026-05-19T18:02:21.8315957+05:30","order_sent":{"request_id":"1b6d2b6e-48c8-44a3-b3d4-98a3eaa646d9","order_id":"","type":"LIMIT","symbol":"MSFT","side":"SELL","price":737.5,"quantity":1}}
{"event_type":"order_sent","timestamp":"2026-05-19T18:02:21.8315957+05:30","order_sent":{"request_id":"fcd60c9f-e79f-4c4f-959a-389e2132e97b","order_id":"ord-456112623292562803","type":"CANCEL","symbol":"","side":""}}
{"event_type":"order_sent","timestamp":"2026-05-19T18:02:21.8315957+05:30","order_sent":{"request_id":"0d41deee-7470-4137-aa53-ea5681a3cdb5","order_id":"","type":"MARKET","symbol":"AMZN","side":"SELL","quantity":22}}
{"event_type":"order_sent","timestamp":"2026-05-19T18:02:21.8321541+05:30","order_sent":{"request_id":"6f54cffe-bd06-4e06-a880-ae352520f3bd","order_id":"","type":"MARKET","symbol":"TSLA","side":"SELL","quantity":4}}
{"event_type":"order_sent","timestamp":"2026-05-19T18:02:21.8315957+05:30","order_sent":{"request_id":"97c9ecbb-a915-4e52-a2c6-acbf55825240","order_id":"","type":"MARKET","symbol":"GOOG","side":"BUY","quantity":38}}
{"event_type":"order_sent","timestamp":"2026-05-19T18:02:21.8321541+05:30","order_sent":{"request_id":"ca52e378-a8cc-47b1-af65-b96f7c5ada72","order_id":"","type":"LIMIT","symbol":"GOOG","side":"BUY","price":533.07,"quantity":30}}
{"event_type":"order_sent","timestamp":"2026-05-19T18:02:21.8321541+05:30","order_sent":{"request_id":"479e7f3a-6fec-4033-a1c3-5d6422af1524","order_id":"","type":"LIMIT","symbol":"GOOG","side":"SELL","price":366.25,"quantity":36}}
{"event_type":"order_sent","timestamp":"2026-05-19T18:02:21.8315957+05:30","order_sent":{"request_id":"ca5d30ea-2304-49e6-8fcb-be78f9e06045","order_id":"","type":"LIMIT","symbol":"GOOG","side":"BUY","price":908.34,"quantity":23}}
{"event_type":"order_sent","timestamp":"2026-05-19T18:02:21.8321541+05:30","order_sent":{"request_id":"e1d03597-2909-4808-899d-113997cf319d","order_id":"ord-6308591141810940812","type":"CANCEL","symbol":"","side":""}}
{"event_type":"order_sent","timestamp":"2026-05-19T18:02:21.8315957+05:30","order_sent":{"request_id":"b5bd6600-f08b-4ad4-b467-98b9d3e6d824","order_id":"","type":"LIMIT","symbol":"AMZN","side":"BUY","price":715.89,"quantity":78}}
{"event_type":"order_sent","timestamp":"2026-05-19T18:02:21.8315957+05:30","order_sent":{"request_id":"b8696253-de33-4aa1-b11e-042fc2d5e40e","order_id":"ord-1019396837321607811","type":"CANCEL","symbol":"","side":""}}
{"event_type":"order_sent","timestamp":"2026-05-19T18:02:21.8315957+05:30","order_sent":{"request_id":"4156ce4c-d569-47ee-921f-edc94dce3fd9","order_id":"ord-104273154119457570","type":"CANCEL","symbol":"","side":""}}
{"event_type":"order_sent","timestamp":"2026-05-19T18:02:21.8328463+05:30","order_sent":{"request_id":"6245677a-fa5e-4407-8bd2-5ce3491a12f0","order_id":"","type":"LIMIT","symbol":"AMZN","side":"BUY","price":844.03,"quantity":93}}
{"event_type":"order_sent","timestamp":"2026-05-19T18:02:21.8328463+05:30","order_sent":{"request_id":"00981950-bec3-4ede-ae90-86757ccce16a","order_id":"","type":"MARKET","symbol":"AAPL","side":"SELL","quantity":2}}
{"event_type":"order_sent","timestamp":"2026-05-19T18:02:21.8315957+05:30","order_sent":{"request_id":"fad91617-503e-46fd-93cc-f5faa092a3ad","order_id":"","type":"LIMIT","symbol":"TSLA","side":"SELL","price":135.46,"quantity":44}}
{"event_type":"order_sent","timestamp":"2026-05-19T18:02:21.8315957+05:30","order_sent":{"request_id":"20691572-43dc-4a75-973b-5dd3e4701294","order_id":"","type":"LIMIT","symbol":"AMZN","side":"BUY","price":700.5,"quantity":24}}
{"event_type":"order_sent","timestamp":"2026-05-19T18:02:21.8321541+05:30","order_sent":{"request_id":"31e195d0-6139-47e1-9284-6643a415c0b8","order_id":"","type":"MARKET","symbol":"AAPL","side":"BUY","quantity":14}}
{"event_type":"order_sent","timestamp":"2026-05-19T18:02:21.8315957+05:30","order_sent":{"request_id":"2332b1ed-d240-4368-878b-5cc89fd108d1","order_id":"ord-4558734718688999160","type":"CANCEL","symbol":"","side":""}}
{"event_type":"order_sent","timestamp":"2026-05-19T18:02:21.8315957+05:30","order_sent":{"request_id":"e6766d3b-4bc4-4a85-9e60-1f1723b7c51d","order_id":"ord-7846901071000845400","type":"CANCEL","symbol":"","side":""}}
{"event_type":"order_sent","timestamp":"2026-05-19T18:02:21.8343992+05:30","order_sent":{"request_id":"98cc1dcb-457b-4d27-86b2-1b2f736134e1","order_id":"","type":"LIMIT","symbol":"AMZN","side":"SELL","price":558.44,"quantity":69}}
{"event_type":"order_sent","timestamp":"2026-05-19T18:02:21.8315957+05:30","order_sent":{"request_id":"66431bcb-6096-4ea4-bad8-aae599bfb6f8","order_id":"ord-4190128743579090007","type":"CANCEL","symbol":"","side":""}}
{"event_type":"order_sent","timestamp":"2026-05-19T18:02:21.8321541+05:30","order_sent":{"request_id":"27828ddd-76e6-447b-a47c-20bf3c1b618b","order_id":"","type":"MARKET","symbol":"AMZN","side":"SELL","quantity":5}}
{"event_type":"order_sent","timestamp":"2026-05-19T18:02:21.8343992+05:30","order_sent":{"request_id":"65196f9a-d823-4a13-90a2-2e95b06249a4","order_id":"ord-238685894490294051","type":"CANCEL","symbol":"","side":""}}
{"event_type":"order_sent","timestamp":"2026-05-19T18:02:21.8343992+05:30","order_sent":{"request_id":"7868e9af-3091-439c-a6db-32312c9e1583","order_id":"","type":"LIMIT","symbol":"MSFT","side":"SELL","price":592.65,"quantity":92}}
{"event_type":"order_sent","timestamp":"2026-05-19T18:02:21.8321541+05:30","order_sent":{"request_id":"ad4516c0-5411-4aeb-8906-37cddba57022","order_id":"ord-2760623521089810210","type":"CANCEL","symbol":"","side":""}}
{"event_type":"order_sent","timestamp":"2026-05-19T18:02:21.8315957+05:30","order_sent":{"request_id":"93e0e09c-fbb4-415d-b330-6857ff3f1683","order_id":"","type":"MARKET","symbol":"GOOG","side":"SELL","quantity":39}}
{"event_type":"order_sent","timestamp":"2026-05-19T18:02:21.8347532+05:30","order_sent":{"request_id":"302c2b74-9a4c-40a1-aff4-54baf6ad3dd1","order_id":"","type":"LIMIT","symbol":"MSFT","side":"SELL","price":719.74,"quantity":3}}
{"event_type":"order_sent","timestamp":"2026-05-19T18:02:21.8315957+05:30","order_sent":{"request_id":"3cac84c3-2b70-4006-849a-c2e665dc4543","order_id":"","type":"LIMIT","symbol":"AAPL","side":"SELL","price":540.43,"quantity":11}}
{"event_type":"order_sent","timestamp":"2026-05-19T18:02:21.8315957+05:30","order_sent":{"request_id":"1493a149-334a-4679-b60d-8f9ffec588e9","order_id":"ord-5026994610502748129","type":"CANCEL","symbol":"","side":""}}
{"event_type":"order_sent","timestamp":"2026-05-19T18:02:21.8315957+05:30","order_sent":{"request_id":"1fb8c036-947e-4459-8293-497e05ae67eb","order_id":"ord-8216911578597977830","type":"CANCEL","symbol":"","side":""}}
{"event_type":"order_sent","timestamp":"2026-05-19T18:02:21.8321541+05:30","order_sent":{"request_id":"d2b6dfec-defd-44c3-988e-24263519c4eb","order_id":"","type":"MARKET","symbol":"GOOG","side":"BUY","quantity":23}}
{"event_type":"order_sent","timestamp":"2026-05-19T18:02:21.8315957+05:30","order_sent":{"request_id":"e1e2bdef-1ef4-438f-8afe-b3270ebd46e3","order_id":"","type":"LIMIT","symbol":"MSFT","side":"BUY","price":643.47,"quantity":75}}
{"event_type":"order_sent","timestamp":"2026-05-19T18:02:21.8315957+05:30","order_sent":{"request_id":"de73f33e-a340-4c12-8b45-66feadabfc2f","order_id":"","type":"LIMIT","symbol":"AAPL","side":"SELL","price":937.58,"quantity":2}}
{"event_type":"order_sent","timestamp":"2026-05-19T18:02:21.8315957+05:30","order_sent":{"request_id":"02e0a065-a15a-4c0f-9cfd-5c31db621ce6","order_id":"","type":"MARKET","symbol":"AMZN","side":"BUY","quantity":5}}
{"event_type":"order_sent","timestamp":"2026-05-19T18:02:21.8315957+05:30","order_sent":{"request_id":"2bbafd99-8e77-400b-9417-38c4194c36b3","order_id":"","type":"MARKET","symbol":"MSFT","side":"SELL","quantity":26}}
{"event_type":"order_sent","timestamp":"2026-05-19T18:02:21.8315957+05:30","order_sent":{"request_id":"c8cce6ff-ee66-4894-a39e-3d89119af2a4","order_id":"","type":"LIMIT","symbol":"MSFT","side":"BUY","price":542.81,"quantity":93}}
{"event_type":"order_sent","timestamp":"2026-05-19T18:02:21.8315957+05:30","order_sent":{"request_id":"0f2e1e84-b9c6-4e76-add6-90c02a11c253","order_id":"","type":"LIMIT","symbol":"MSFT","side":"BUY","price":971.81,"quantity":1}}
{"event_type":"order_sent","timestamp":"2026-05-19T18:02:21.8321541+05:30","order_sent":{"request_id":"8eca7b8b-6319-4d05-9762-80246801dc5e","order_id":"","type":"LIMIT","symbol":"AMZN","side":"SELL","price":465.35,"quantity":15}}
{"event_type":"order_sent","timestamp":"2026-05-19T18:02:21.8315957+05:30","order_sent":{"request_id":"49079c82-83d9-467a-8439-7505b1b1ccdc","order_id":"","type":"LIMIT","symbol":"AAPL","side":"SELL","price":524.67,"quantity":47}}
{"event_type":"order_sent","timestamp":"2026-05-19T18:02:21.8315957+05:30","order_sent":{"request_id":"5c6db964-167e-4207-ad57-09e1a50d9b93","order_id":"","type":"LIMIT","symbol":"AMZN","side":"SELL","price":903.58,"quantity":90}}
{"event_type":"order_sent","timestamp":"2026-05-19T18:02:21.8315957+05:30","order_sent":{"request_id":"46112f7d-73b6-4fb0-b236-8d9e69cd84e0","order_id":"","type":"MARKET","symbol":"AAPL","side":"SELL","quantity":1}}
{"event_type":"order_sent","timestamp":"2026-05-19T18:02:21.8315957+05:30","order_sent":{"request_id":"3e50373d-754b-463c-91a6-64b358abb3fd","order_id":"","type":"MARKET","symbol":"AMZN","side":"BUY","quantity":27}}
{"event_type":"order_sent","timestamp":"2026-05-19T18:02:21.8315957+05:30","order_sent":{"request_id":"4ba24c23-f890-430a-9f06-5b374944c6c1","order_id":"","type":"LIMIT","symbol":"MSFT","side":"BUY","price":192.35,"quantity":64}}
{"event_type":"order_sent","timestamp":"2026-05-19T18:02:21.8315957+05:30","order_sent":{"request_id":"49ae1abb-e7aa-44a3-93ed-024b97ccfb0e","order_id":"","type":"MARKET","symbol":"TSLA","side":"SELL","quantity":47}}
{"event_type":"order_sent","timestamp":"2026-05-19T18:02:21.8315957+05:30","order_sent":{"request_id":"4e69e065-09cd-43e1-9a6e-e43b15dd45b5","order_id":"","type":"MARKET","symbol":"TSLA","side":"BUY","quantity":36}}
{"event_type":"order_sent","timestamp":"2026-05-19T18:02:21.8315957+05:30","order_sent":{"request_id":"17d5c679-7f3e-4a07-b59b-6da18e642da3","order_id":"","type":"LIMIT","symbol":"GOOG","side":"SELL","price":841.05,"quantity":83}}
{"event_type":"order_sent","timestamp":"2026-05-19T18:02:21.8315957+05:30","order_sent":{"request_id":"6c419177-50f1-4daa-85d6-5dda93a1d82a","order_id":"ord-5617036205719789465","type":"CANCEL","symbol":"","side":""}}
{"event_type":"order_sent","timestamp":"2026-05-19T18:02:21.8315957+05:30","order_sent":{"request_id":"a72963ac-f7e6-4196-9875-97bc6290802f","order_id":"","type":"MARKET","symbol":"MSFT","side":"SELL","quantity":16}}
{"event_type":"order_sent","timestamp":"2026-05-19T18:02:21.8315957+05:30","order_sent":{"request_id":"167da929-63df-4b6a-b826-4df6b771065e","order_id":"ord-7062086056740759373","type":"CANCEL","symbol":"","side":""}}
{"event_type":"order_sent","timestamp":"2026-05-19T18:02:21.8315957+05:30","order_sent":{"request_id":"3c3f6b2c-405c-4b7a-ae28-705ccc352d60","order_id":"","type":"LIMIT","symbol":"MSFT","side":"BUY","price":441.64,"quantity":8}}
{"event_type":"order_sent","timestamp":"2026-05-19T18:02:21.8315957+05:30","order_sent":{"request_id":"e5672539-c6f0-4b12-a959-c21af8623f6b","order_id":"","type":"MARKET","symbol":"AAPL","side":"BUY","quantity":26}}
{"event_type":"order_sent","timestamp":"2026-05-19T18:02:21.8315957+05:30","order_sent":{"request_id":"70a6b008-a510-4df0-882c-719805b164cf","order_id":"","type":"LIMIT","symbol":"MSFT","side":"SELL","price":363.53,"quantity":35}}
{"event_type":"order_sent","timestamp":"2026-05-19T18:02:21.8315957+05:30","order_sent":{"request_id":"d5b617b8-b897-43c6-834f-77012d74a933","order_id":"","type":"MARKET","symbol":"AAPL","side":"BUY","quantity":19}}
{"event_type":"order_sent","timestamp":"2026-05-19T18:02:21.8315957+05:30","order_sent":{"request_id":"8eb6e717-fdef-46a1-bd69-c61c3bb15a9c","order_id":"","type":"LIMIT","symbol":"GOOG","side":"BUY","price":829.56,"quantity":20}}
{"event_type":"order_sent","timestamp":"2026-05-19T18:02:21.8315957+05:30","order_sent":{"request_id":"153a45dd-271a-40a1-b9af-d2a6d1271786","order_id":"","type":"LIMIT","symbol":"TSLA","side":"BUY","price":847.19,"quantity":31}}
{"event_type":"order_sent","timestamp":"2026-05-19T18:02:21.8315957+05:30","order_sent":{"request_id":"50bd0cb7-39e8-4eb5-85f0-e2ce458c8df0","order_id":"","type":"MARKET","symbol":"AMZN","side":"SELL","quantity":50}}
{"event_type":"order_sent","timestamp":"2026-05-19T18:02:21.8315957+05:30","order_sent":{"request_id":"d3a312d3-e892-420b-927d-c71fa71cc43d","order_id":"","type":"MARKET","symbol":"AAPL","side":"SELL","quantity":25}}
{"event_type":"order_sent","timestamp":"2026-05-19T18:02:21.8315957+05:30","order_sent":{"request_id":"00a3c541-7abc-42e3-b525-d3aa03da9a1c","order_id":"","type":"LIMIT","symbol":"AMZN","side":"BUY","price":568.88,"quantity":35}}
{"event_type":"order_sent","timestamp":"2026-05-19T18:02:21.8315957+05:30","order_sent":{"request_id":"2d659088-5bbd-4db6-bf90-65c1f62bbc5e","order_id":"","type":"LIMIT","symbol":"GOOG","side":"BUY","price":222.1,"quantity":62}}
{"event_type":"order_sent","timestamp":"2026-05-19T18:02:21.8315957+05:30","order_sent":{"request_id":"fb5a8d19-3703-4ab8-b9a0-9836f99e3d8f","order_id":"ord-2594857991097406724","type":"CANCEL","symbol":"","side":""}}
{"event_type":"order_sent","timestamp":"2026-05-19T18:02:21.8315957+05:30","order_sent":{"request_id":"90f5b04c-d2af-4b7a-888b-af32eb2049f3","order_id":"","type":"MARKET","symbol":"AMZN","side":"BUY","quantity":50}}
{"event_type":"order_sent","timestamp":"2026-05-19T18:02:21.8315957+05:30","order_sent":{"request_id":"892b93fd-d016-4faa-84eb-6079053c71af","order_id":"","type":"MARKET","symbol":"GOOG","side":"BUY","quantity":19}}
{"event_type":"order_sent","timestamp":"2026-05-19T18:02:21.8315957+05:30","order_sent":{"request_id":"c81ca06f-43d0-4eaa-bc21-7b3d342cb1f9","order_id":"","type":"MARKET","symbol":"TSLA","side":"BUY","quantity":34}}
{"event_type":"order_sent","timestamp":"2026-05-19T18:02:21.8315957+05:30","order_sent":{"request_id":"b272fa6c-5dc6-4b6c-a03e-76671305fcd2","order_id":"","type":"MARKET","symbol":"MSFT","side":"SELL","quantity":33}}
{"event_type":"order_sent","timestamp":"2026-05-19T18:02:21.8315957+05:30","order_sent":{"request_id":"d300f0bf-fee0-4a80-be93-ddb582867344","order_id":"ord-6462120120051676961","type":"CANCEL","symbol":"","side":""}}
{"event_type":"order_sent","timestamp":"2026-05-19T18:02:21.8315957+05:30","order_sent":{"request_id":"a20338fe-0011-4af1-8abb-0acd3bd5c109","order_id":"","type":"MARKET","symbol":"AMZN","side":"SELL","quantity":16}}
{"event_type":"order_sent","timestamp":"2026-05-19T18:02:21.8315957+05:30","order_sent":{"request_id":"e11c3035-8264-4c68-8ce2-3f659ebf452a","order_id":"","type":"MARKET","symbol":"AMZN","side":"SELL","quantity":30}}
{"event_type":"order_sent","timestamp":"2026-05-19T18:02:21.8315957+05:30","order_sent":{"request_id":"356cd15b-01d2-40fa-bc87-3f02806cbc48","order_id":"","type":"LIMIT","symbol":"MSFT","side":"SELL","price":728.82,"quantity":29}}
{"event_type":"order_sent","timestamp":"2026-05-19T18:02:21.8315957+05:30","order_sent":{"request_id":"3c62748a-0bc4-4eae-8992-5884ec7ba920","order_id":"ord-2061559656440006400","type":"CANCEL","symbol":"","side":""}}
{"event_type":"order_sent","timestamp":"2026-05-19T18:02:21.8315957+05:30","order_sent":{"request_id":"b38d6b9a-2c14-48eb-83d1-c8e4c581d417","order_id":"ord-5779564999807773197","type":"CANCEL","symbol":"","side":""}}
{"event_type":"order_sent","timestamp":"2026-05-19T18:02:21.8315957+05:30","order_sent":{"request_id":"9142f1b1-bc1d-432b-ada9-934e0cd17a4c","order_id":"ord-3041454181610124434","type":"CANCEL","symbol":"","side":""}}
{"event_type":"order_sent","timestamp":"2026-05-19T18:02:21.8321541+05:30","order_sent":{"request_id":"0bef4f0e-faaf-4588-985c-c13db339ea49","order_id":"","type":"LIMIT","symbol":"AAPL","side":"BUY","price":387.21,"quantity":86}}
{"event_type":"order_sent","timestamp":"2026-05-19T18:02:21.8315957+05:30","order_sent":{"request_id":"fb563803-37bb-4039-b6c3-28662c647a51","order_id":"","type":"LIMIT","symbol":"AAPL","side":"BUY","price":969.25,"quantity":25}}
{"event_type":"order_sent","timestamp":"2026-05-19T18:02:21.8315957+05:30","order_sent":{"request_id":"2b9e492a-5521-46e7-b7c7-6186fd263a43","order_id":"","type":"LIMIT","symbol":"GOOG","side":"SELL","price":920.23,"quantity":28}}
{"event_type":"order_sent","timestamp":"2026-05-19T18:02:21.8321541+05:30","order_sent":{"request_id":"23d3ba60-1e9f-41b5-aee7-b8a415a80308","order_id":"","type":"LIMIT","symbol":"GOOG","side":"BUY","price":378.41,"quantity":4}}
{"event_type":"order_sent","timestamp":"2026-05-19T18:02:21.8321541+05:30","order_sent":{"request_id":"ac057d55-de53-43a0-a375-e8519aeb5e58","order_id":"ord-849507765544838676","type":"CANCEL","symbol":"","side":""}}
{"event_type":"order_sent","timestamp":"2026-05-19T18:02:21.8321541+05:30","order_sent":{"request_id":"e5c2e720-2c44-4b57-8e25-17fe8519f9a0","order_id":"","type":"LIMIT","symbol":"TSLA","side":"BUY","price":211.92,"quantity":41}}
{"event_type":"order_sent","timestamp":"2026-05-19T18:02:21.8321541+05:30","order_sent":{"request_id":"0eaf0216-213f-4079-a08d-f3056bbafa2e","order_id":"","type":"LIMIT","symbol":"AMZN","side":"BUY","price":457.19,"quantity":10}}
{"event_type":"order_sent","timestamp":"2026-05-19T18:02:21.8321541+05:30","order_sent":{"request_id":"3f280c1e-d387-4397-a987-0be6eaedf205","order_id":"","type":"LIMIT","symbol":"TSLA","side":"SELL","price":443.02,"quantity":14}}
{"event_type":"order_sent","timestamp":"2026-05-19T18:02:21.8321541+05:30","order_sent":{"request_id":"201de218-298f-4ca9-8f1e-918466a622d5","order_id":"","type":"LIMIT","symbol":"TSLA","side":"SELL","price":725.41,"quantity":68}}
{"event_type":"order_sent","timestamp":"2026-05-19T18:02:21.8321541+05:30","order_sent":{"request_id":"0fd33f54-11ca-4f44-8e83-5669fabe4c48","order_id":"ord-2755859104764352653","type":"CANCEL","symbol":"","side":""}}
{"event_type":"order_sent","timestamp":"2026-05-19T18:02:21.8321541+05:30","order_sent":{"request_id":"4b67e17a-aea4-48e5-aeea-b6ba1e440153","order_id":"","type":"LIMIT","symbol":"MSFT","side":"SELL","price":316.99,"quantity":8}}
{"event_type":"order_sent","timestamp":"2026-05-19T18:02:21.8321541+05:30","order_sent":{"request_id":"5e20374b-f7ee-4f85-a483-8e2b8be52647","order_id":"","type":"LIMIT","symbol":"MSFT","side":"SELL","price":440.38,"quantity":52}}
{"event_type":"order_sent","timestamp":"2026-05-19T18:02:21.8321541+05:30","order_sent":{"request_id":"5df102ea-9260-4628-aad8-7bdd82f49ee2","order_id":"ord-259316422133066538","type":"CANCEL","symbol":"","side":""}}
{"event_type":"order_sent","timestamp":"2026-05-19T18:02:21.8321541+05:30","order_sent":{"request_id":"cdd198c4-3149-4f46-bd8c-f8277ada6071","order_id":"","type":"MARKET","symbol":"AMZN","side":"SELL","quantity":30}}
{"event_type":"order_sent","timestamp":"2026-05-19T18:02:21.8321541+05:30","order_sent":{"request_id":"8de9feb1-1492-4034-9562-99a55b5d5e4b","order_id":"ord-1784029071844108440","type":"CANCEL","symbol":"","side":""}}
{"event_type":"order_sent","timestamp":"2026-05-19T18:02:21.8321541+05:30","order_sent":{"request_id":"beee483c-4636-469d-b32a-5a999fcdf1eb","order_id":"","type":"MARKET","symbol":"AAPL","side":"BUY","quantity":49}}
{"event_type":"order_sent","timestamp":"2026-05-19T18:02:21.8321541+05:30","order_sent":{"request_id":"4d5ad30f-b78a-4cf9-b0b1-d2a3d7e4ec48","order_id":"","type":"MARKET","symbol":"TSLA","side":"BUY","quantity":27}}
{"event_type":"order_sent","timestamp":"2026-05-19T18:02:21.8321541+05:30","order_sent":{"request_id":"8ec7c0de-0eeb-406a-a387-50e781fdd3dd","order_id":"","type":"LIMIT","symbol":"AMZN","side":"SELL","price":199.29,"quantity":29}}
{"event_type":"order_sent","timestamp":"2026-05-19T18:02:21.8321541+05:30","order_sent":{"request_id":"228efd23-8957-418f-b408-a6f645a5d71d","order_id":"","type":"LIMIT","symbol":"AAPL","side":"BUY","price":119.62,"quantity":64}}
{"event_type":"order_sent","timestamp":"2026-05-19T18:02:21.8321541+05:30","order_sent":{"request_id":"1bf6df69-719a-44d8-b7c4-873a17892d84","order_id":"","type":"LIMIT","symbol":"TSLA","side":"BUY","price":887.13,"quantity":84}}
{"event_type":"order_sent","timestamp":"2026-05-19T18:02:21.8321541+05:30","order_sent":{"request_id":"2c9896d8-babe-4a4a-8a08-50bb90ec2c05","order_id":"","type":"MARKET","symbol":"TSLA","side":"SELL","quantity":30}}
{"event_type":"order_sent","timestamp":"2026-05-19T18:02:21.8321541+05:30","order_sent":{"request_id":"aadbf7ca-c05b-4562-b6dd-329c17295e85","order_id":"ord-7460451711865643123","type":"CANCEL","symbol":"","side":""}}
{"event_type":"order_sent","timestamp":"2026-05-19T18:02:21.8321541+05:30","order_sent":{"request_id":"5dec29c7-2c82-4f12-812f-9355a6932b73","order_id":"","type":"MARKET","symbol":"GOOG","side":"SELL","quantity":32}}
{"event_type":"order_sent","timestamp":"2026-05-19T18:02:21.8315957+05:30","order_sent":{"request_id":"5d872909-4c28-4974-b0df-b0b13c2f4815","order_id":"ord-1409880779426987167","type":"CANCEL","symbol":"","side":""}}
{"event_type":"order_sent","timestamp":"2026-05-19T18:02:21.8315957+05:30","order_sent":{"request_id":"0c667c18-8396-4c18-bcba-0d0ed20d743f","order_id":"ord-1225356668706218001","type":"CANCEL","symbol":"","side":""}}
{"event_type":"order_sent","timestamp":"2026-05-19T18:02:21.8321541+05:30","order_sent":{"request_id":"ad01d5e5-528b-4e3f-b2f6-3f64806f4c07","order_id":"","type":"LIMIT","symbol":"TSLA","side":"BUY","price":536.17,"quantity":24}}
{"event_type":"order_sent","timestamp":"2026-05-19T18:02:21.8321541+05:30","order_sent":{"request_id":"8ae7ef5e-7b5e-460f-afc1-d22d9fd17d4a","order_id":"","type":"LIMIT","symbol":"AMZN","side":"BUY","price":380.43,"quantity":74}}
{"event_type":"order_sent","timestamp":"2026-05-19T18:02:21.8347532+05:30","order_sent":{"request_id":"fdb296ce-ef8b-4ff3-94e8-d99962fd7399","order_id":"","type":"LIMIT","symbol":"AAPL","side":"SELL","price":109.84,"quantity":74}}
{"event_type":"order_sent","timestamp":"2026-05-19T18:02:21.8321541+05:30","order_sent":{"request_id":"f7fbae09-52f1-412e-a6b3-5b0d0c9c4877","order_id":"","type":"MARKET","symbol":"AMZN","side":"BUY","quantity":21}}
{"event_type":"order_acked","timestamp":"2026-05-19T18:02:21.8645883+05:30","order_acked":{"request_id":"0d41deee-7470-4137-aa53-ea5681a3cdb5","status_code":201}}
{"event_type":"execution_report","timestamp":"2026-05-19T18:02:21.8653045+05:30","execution":{"order_id":"facf2473-9164-4137-be08-f00c17fe0758","symbol":"MSFT","side":"SELL","status":"filled","filled_qty":1,"leaves_qty":0,"price":737.5,"timestamp":"2026-05-19T12:32:21Z","match_id":"87bb2aa7-da17-4716-88af-b1424b2b7a44"}}
{"event_type":"order_acked","timestamp":"2026-05-19T18:02:21.8689881+05:30","order_acked":{"request_id":"fcd60c9f-e79f-4c4f-959a-389e2132e97b","status_code":200}}
{"event_type":"order_acked","timestamp":"2026-05-19T18:02:21.8689881+05:30","order_acked":{"request_id":"1b6d2b6e-48c8-44a3-b3d4-98a3eaa646d9","status_code":201}}
{"event_type":"order_acked","timestamp":"2026-05-19T18:02:21.8884498+05:30","order_acked":{"request_id":"6f54cffe-bd06-4e06-a880-ae352520f3bd","status_code":201}}
{"event_type":"order_acked","timestamp":"2026-05-19T18:02:21.9018842+05:30","order_acked":{"request_id":"6245677a-fa5e-4407-8bd2-5ce3491a12f0","status_code":201}}
{"event_type":"order_acked","timestamp":"2026-05-19T18:02:21.9023937+05:30","order_acked":{"request_id":"97c9ecbb-a915-4e52-a2c6-acbf55825240","status_code":201}}
{"event_type":"execution_report","timestamp":"2026-05-19T18:02:21.9081446+05:30","execution":{"order_id":"915cba4f-f050-451a-a4f0-d6b890e981e8","symbol":"AMZN","side":"BUY","status":"filled","filled_qty":93,"leaves_qty":0,"price":844.03,"timestamp":"2026-05-19T12:32:21Z","match_id":"6442f607-ebfd-438a-9936-1e167e865dd0"}}
{"event_type":"order_acked","timestamp":"2026-05-19T18:02:21.9169736+05:30","order_acked":{"request_id":"ca52e378-a8cc-47b1-af65-b96f7c5ada72","status_code":201}}
{"event_type":"order_acked","timestamp":"2026-05-19T18:02:21.9278029+05:30","order_acked":{"request_id":"98cc1dcb-457b-4d27-86b2-1b2f736134e1","status_code":201}}
{"event_type":"execution_report","timestamp":"2026-05-19T18:02:21.9278029+05:30","execution":{"order_id":"7b097972-bd20-42b4-a44b-514842d7749c","symbol":"GOOG","side":"BUY","status":"filled","filled_qty":30,"leaves_qty":0,"price":533.07,"timestamp":"2026-05-19T12:32:21Z","match_id":"cf0f6de3-8b8c-4034-acdf-b303b6f6a2bb"}}
{"event_type":"execution_report","timestamp":"2026-05-19T18:02:21.940911+05:30","execution":{"order_id":"48725364-941f-4eda-8161-26dab841baea","symbol":"AMZN","side":"SELL","status":"filled","filled_qty":69,"leaves_qty":0,"price":558.44,"timestamp":"2026-05-19T12:32:21Z","match_id":"5cd301a5-b8bc-41af-8cda-3a00f1f51ce0"}}
{"event_type":"execution_report","timestamp":"2026-05-19T18:02:21.940911+05:30","execution":{"order_id":"6d1339fa-1b0a-4f40-afcb-161b1c785098","symbol":"AMZN","side":"BUY","status":"filled","filled_qty":78,"leaves_qty":0,"price":715.89,"timestamp":"2026-05-19T12:32:21Z","match_id":"0f47bbcb-8118-44bf-a93c-993b34dd788f"}}
{"event_type":"execution_report","timestamp":"2026-05-19T18:02:21.9753216+05:30","execution":{"order_id":"47e70008-de0b-4f91-b397-b2c0e9d09d39","symbol":"GOOG","side":"BUY","status":"filled","filled_qty":23,"leaves_qty":0,"price":908.34,"timestamp":"2026-05-19T12:32:21Z","match_id":"d5a0dd11-d8bc-4799-92b8-b58eb9f7bcb7"}}
{"event_type":"order_acked","timestamp":"2026-05-19T18:02:21.9763527+05:30","order_acked":{"request_id":"ca5d30ea-2304-49e6-8fcb-be78f9e06045","status_code":201}}
{"event_type":"order_acked","timestamp":"2026-05-19T18:02:21.9763527+05:30","order_acked":{"request_id":"b5bd6600-f08b-4ad4-b467-98b9d3e6d824","status_code":201}}
{"event_type":"order_acked","timestamp":"2026-05-19T18:02:21.9763527+05:30","order_acked":{"request_id":"31e195d0-6139-47e1-9284-6643a415c0b8","status_code":201}}
{"event_type":"order_acked","timestamp":"2026-05-19T18:02:21.9794118+05:30","order_acked":{"request_id":"00981950-bec3-4ede-ae90-86757ccce16a","status_code":201}}
{"event_type":"order_acked","timestamp":"2026-05-19T18:02:21.9851661+05:30","order_acked":{"request_id":"2332b1ed-d240-4368-878b-5cc89fd108d1","status_code":200}}
{"event_type":"order_acked","timestamp":"2026-05-19T18:02:21.9895197+05:30","order_acked":{"request_id":"1fb8c036-947e-4459-8293-497e05ae67eb","status_code":200}}
{"event_type":"order_acked","timestamp":"2026-05-19T18:02:21.9916966+05:30","order_acked":{"request_id":"ad4516c0-5411-4aeb-8906-37cddba57022","status_code":200}}
{"event_type":"order_acked","timestamp":"2026-05-19T18:02:21.9977133+05:30","order_acked":{"request_id":"e1d03597-2909-4808-899d-113997cf319d","status_code":200}}
{"event_type":"execution_report","timestamp":"2026-05-19T18:02:22.0045282+05:30","execution":{"order_id":"ba58bc9f-3a00-4afd-add4-f587eb82549a","symbol":"AAPL","side":"SELL","status":"filled","filled_qty":11,"leaves_qty":0,"price":540.43,"timestamp":"2026-05-19T12:32:22Z","match_id":"4e94d2f3-cfde-4a7d-a797-64264fa8c532"}}
{"event_type":"order_acked","timestamp":"2026-05-19T18:02:22.0066965+05:30","order_acked":{"request_id":"e1e2bdef-1ef4-438f-8afe-b3270ebd46e3","status_code":201}}
{"event_type":"order_acked","timestamp":"2026-05-19T18:02:22.0072376+05:30","order_acked":{"request_id":"3cac84c3-2b70-4006-849a-c2e665dc4543","status_code":201}}
{"event_type":"execution_report","timestamp":"2026-05-19T18:02:22.0115694+05:30","execution":{"order_id":"1306e75e-369d-4a90-841a-717a11952604","symbol":"MSFT","side":"SELL","status":"filled","filled_qty":92,"leaves_qty":0,"price":592.65,"timestamp":"2026-05-19T12:32:22Z","match_id":"209d1237-7244-4041-a6e0-332c619a2786"}}
{"event_type":"execution_report","timestamp":"2026-05-19T18:02:22.0115694+05:30","execution":{"order_id":"6286c9aa-b27f-41bb-818b-859cbf2d91b1","symbol":"MSFT","side":"BUY","status":"filled","filled_qty":75,"leaves_qty":0,"price":643.47,"timestamp":"2026-05-19T12:32:22Z","match_id":"eb5a0c3a-229e-4562-9caa-97a89ec8d1f7"}}
{"event_type":"execution_report","timestamp":"2026-05-19T18:02:22.014417+05:30","execution":{"order_id":"2c5df910-891e-4c7e-bd79-a8d34cd8190e","symbol":"TSLA","side":"SELL","status":"filled","filled_qty":44,"leaves_qty":0,"price":135.46,"timestamp":"2026-05-19T12:32:22Z","match_id":"136a9690-16d7-4052-b5dc-4ab2ea1490c0"}}
{"event_type":"order_acked","timestamp":"2026-05-19T18:02:22.0197575+05:30","order_acked":{"request_id":"7868e9af-3091-439c-a6db-32312c9e1583","status_code":201}}
{"event_type":"order_acked","timestamp":"2026-05-19T18:02:22.0197575+05:30","order_acked":{"request_id":"fad91617-503e-46fd-93cc-f5faa092a3ad","status_code":201}}
{"event_type":"order_acked","timestamp":"2026-05-19T18:02:22.0212634+05:30","order_acked":{"request_id":"20691572-43dc-4a75-973b-5dd3e4701294","status_code":201}}
{"event_type":"execution_report","timestamp":"2026-05-19T18:02:22.0212634+05:30","execution":{"order_id":"2a405f57-75f2-4a60-978a-0b0538c474c4","symbol":"AMZN","side":"BUY","status":"filled","filled_qty":24,"leaves_qty":0,"price":700.5,"timestamp":"2026-05-19T12:32:22Z","match_id":"1cdf2c67-e2d8-4b47-89e8-958f99bca086"}}
{"event_type":"order_acked","timestamp":"2026-05-19T18:02:22.0230513+05:30","order_acked":{"request_id":"1493a149-334a-4679-b60d-8f9ffec588e9","status_code":200}}
{"event_type":"order_acked","timestamp":"2026-05-19T18:02:22.0230513+05:30","order_acked":{"request_id":"b8696253-de33-4aa1-b11e-042fc2d5e40e","status_code":200}}
{"event_type":"order_acked","timestamp":"2026-05-19T18:02:22.024148+05:30","order_acked":{"request_id":"4156ce4c-d569-47ee-921f-edc94dce3fd9","status_code":200}}
{"event_type":"order_acked","timestamp":"2026-05-19T18:02:22.027558+05:30","order_acked":{"request_id":"d2b6dfec-defd-44c3-988e-24263519c4eb","status_code":201}}
{"event_type":"order_acked","timestamp":"2026-05-19T18:02:22.0326622+05:30","order_acked":{"request_id":"65196f9a-d823-4a13-90a2-2e95b06249a4","status_code":200}}
{"event_type":"order_acked","timestamp":"2026-05-19T18:02:22.0391557+05:30","order_acked":{"request_id":"66431bcb-6096-4ea4-bad8-aae599bfb6f8","status_code":200}}
{"event_type":"order_acked","timestamp":"2026-05-19T18:02:22.040252+05:30","order_acked":{"request_id":"479e7f3a-6fec-4033-a1c3-5d6422af1524","status_code":201}}
{"event_type":"order_acked","timestamp":"2026-05-19T18:02:22.0445489+05:30","order_acked":{"request_id":"27828ddd-76e6-447b-a47c-20bf3c1b618b","status_code":201}}
{"event_type":"order_acked","timestamp":"2026-05-19T18:02:22.046967+05:30","order_acked":{"request_id":"de73f33e-a340-4c12-8b45-66feadabfc2f","status_code":201}}
{"event_type":"order_acked","timestamp":"2026-05-19T18:02:22.0488249+05:30","order_acked":{"request_id":"302c2b74-9a4c-40a1-aff4-54baf6ad3dd1","status_code":201}}
{"event_type":"execution_report","timestamp":"2026-05-19T18:02:22.0527809+05:30","execution":{"order_id":"cd8a63b9-e6c3-4214-ba02-9cc1c3e5c17f","symbol":"AAPL","side":"SELL","status":"filled","filled_qty":2,"leaves_qty":0,"price":937.58,"timestamp":"2026-05-19T12:32:22Z","match_id":"7a81bbff-366e-4c20-861c-ba0b943583e4"}}
{"event_type":"execution_report","timestamp":"2026-05-19T18:02:22.0561627+05:30","execution":{"order_id":"16dd874f-9448-4740-aec1-84a4b270819f","symbol":"GOOG","side":"SELL","status":"filled","filled_qty":36,"leaves_qty":0,"price":366.25,"timestamp":"2026-05-19T12:32:22Z","match_id":"43d41dee-71bf-471f-abaa-5dc85071eea0"}}
{"event_type":"execution_report","timestamp":"2026-05-19T18:02:22.0567767+05:30","execution":{"order_id":"e32ab44e-8e83-42d1-9e77-9398c084a056","symbol":"MSFT","side":"SELL","status":"filled","filled_qty":3,"leaves_qty":0,"price":719.74,"timestamp":"2026-05-19T12:32:22Z","match_id":"ea536d80-9189-4d0b-9ad4-11bac07ac95e"}}
{"event_type":"order_acked","timestamp":"2026-05-19T18:02:22.0567767+05:30","order_acked":{"request_id":"93e0e09c-fbb4-415d-b330-6857ff3f1683","status_code":201}}
{"event_type":"order_acked","timestamp":"2026-05-19T18:02:22.0606351+05:30","order_acked":{"request_id":"e6766d3b-4bc4-4a85-9e60-1f1723b7c51d","status_code":200}}
{"event_type":"order_acked","timestamp":"2026-05-19T18:02:22.0627879+05:30","order_acked":{"request_id":"5df102ea-9260-4628-aad8-7bdd82f49ee2","status_code":200}}
{"event_type":"order_acked","timestamp":"2026-05-19T18:02:22.0760703+05:30","order_acked":{"request_id":"a72963ac-f7e6-4196-9875-97bc6290802f","status_code":201}}
{"event_type":"execution_report","timestamp":"2026-05-19T18:02:22.0788811+05:30","execution":{"order_id":"02c67a96-3c3f-4901-a903-5db181d38cbb","symbol":"MSFT","side":"SELL","status":"filled","filled_qty":8,"leaves_qty":0,"price":316.99,"timestamp":"2026-05-19T12:32:22Z","match_id":"9346f142-8a40-414a-bf12-0cbbdc6bfb32"}}
{"event_type":"order_acked","timestamp":"2026-05-19T18:02:22.0794162+05:30","order_acked":{"request_id":"d5b617b8-b897-43c6-834f-77012d74a933","status_code":201}}
{"event_type":"order_acked","timestamp":"2026-05-19T18:02:22.0799717+05:30","order_acked":{"request_id":"4b67e17a-aea4-48e5-aeea-b6ba1e440153","status_code":201}}
{"event_type":"order_acked","timestamp":"2026-05-19T18:02:22.0805378+05:30","order_acked":{"request_id":"beee483c-4636-469d-b32a-5a999fcdf1eb","status_code":201}}
{"event_type":"order_acked","timestamp":"2026-05-19T18:02:22.0843922+05:30","order_acked":{"request_id":"4e69e065-09cd-43e1-9a6e-e43b15dd45b5","status_code":201}}
{"event_type":"order_acked","timestamp":"2026-05-19T18:02:22.0854773+05:30","order_acked":{"request_id":"23d3ba60-1e9f-41b5-aee7-b8a415a80308","status_code":201}}
{"event_type":"execution_report","timestamp":"2026-05-19T18:02:22.0871644+05:30","execution":{"order_id":"1277fe60-6fe9-40c1-ba14-af08f20b1bff","symbol":"GOOG","side":"BUY","status":"filled","filled_qty":4,"leaves_qty":0,"price":378.41,"timestamp":"2026-05-19T12:32:22Z","match_id":"823cf374-721e-46a3-8427-30b26517f54c"}}
{"event_type":"order_acked","timestamp":"2026-05-19T18:02:22.088271+05:30","order_acked":{"request_id":"2c9896d8-babe-4a4a-8a08-50bb90ec2c05","status_code":201}}
{"event_type":"order_acked","timestamp":"2026-05-19T18:02:22.0926301+05:30","order_acked":{"request_id":"3c62748a-0bc4-4eae-8992-5884ec7ba920","status_code":200}}
{"event_type":"order_acked","timestamp":"2026-05-19T18:02:22.0942736+05:30","order_acked":{"request_id":"e5c2e720-2c44-4b57-8e25-17fe8519f9a0","status_code":201}}
{"event_type":"order_acked","timestamp":"2026-05-19T18:02:22.0959011+05:30","order_acked":{"request_id":"0c667c18-8396-4c18-bcba-0d0ed20d743f","status_code":200}}
{"event_type":"order_acked","timestamp":"2026-05-19T18:02:22.0991722+05:30","order_acked":{"request_id":"02e0a065-a15a-4c0f-9cfd-5c31db621ce6","status_code":201}}
{"event_type":"execution_report","timestamp":"2026-05-19T18:02:22.1024641+05:30","execution":{"order_id":"ba6e4b43-10b8-4428-b53c-844e7673503a","symbol":"TSLA","side":"BUY","status":"filled","filled_qty":41,"leaves_qty":0,"price":211.92,"timestamp":"2026-05-19T12:32:22Z","match_id":"03fb7e3a-5a56-4a32-b6c5-4eff896ef132"}}
{"event_type":"order_acked","timestamp":"2026-05-19T18:02:22.1040731+05:30","order_acked":{"request_id":"892b93fd-d016-4faa-84eb-6079053c71af","status_code":201}}
{"event_type":"order_acked","timestamp":"2026-05-19T18:02:22.1067197+05:30","order_acked":{"request_id":"2b9e492a-5521-46e7-b7c7-6186fd263a43","status_code":201}}
{"event_type":"order_acked","timestamp":"2026-05-19T18:02:22.1088826+05:30","order_acked":{"request_id":"3c3f6b2c-405c-4b7a-ae28-705ccc352d60","status_code":201}}
{"event_type":"order_acked","timestamp":"2026-05-19T18:02:22.1105001+05:30","order_acked":{"request_id":"e11c3035-8264-4c68-8ce2-3f659ebf452a","status_code":201}}
{"event_type":"order_acked","timestamp":"2026-05-19T18:02:22.1121102+05:30","order_acked":{"request_id":"cdd198c4-3149-4f46-bd8c-f8277ada6071","status_code":201}}
{"event_type":"order_acked","timestamp":"2026-05-19T18:02:22.1150775+05:30","order_acked":{"request_id":"8eb6e717-fdef-46a1-bd69-c61c3bb15a9c","status_code":201}}
{"event_type":"execution_report","timestamp":"2026-05-19T18:02:22.1167221+05:30","execution":{"order_id":"18008a91-3f13-4f4d-a334-c19781eed3df","symbol":"GOOG","side":"SELL","status":"filled","filled_qty":28,"leaves_qty":0,"price":920.23,"timestamp":"2026-05-19T12:32:22Z","match_id":"42a43bff-5dfe-4ec6-877d-775772ca61ed"}}
{"event_type":"execution_report","timestamp":"2026-05-19T18:02:22.1174426+05:30","execution":{"order_id":"5b8409f7-5836-437f-acea-179012d6529d","symbol":"MSFT","side":"BUY","status":"filled","filled_qty":8,"leaves_qty":0,"price":441.64,"timestamp":"2026-05-19T12:32:22Z","match_id":"ac76aa36-4c0a-4641-8119-e43d796ff1fe"}}
{"event_type":"order_acked","timestamp":"2026-05-19T18:02:22.1191644+05:30","order_acked":{"request_id":"6c419177-50f1-4daa-85d6-5dda93a1d82a","status_code":200}}
{"event_type":"execution_report","timestamp":"2026-05-19T18:02:22.1212739+05:30","execution":{"order_id":"125fe91e-0065-44b2-8717-cfa3d59ea194","symbol":"GOOG","side":"BUY","status":"filled","filled_qty":20,"leaves_qty":0,"price":829.56,"timestamp":"2026-05-19T12:32:22Z","match_id":"62fc56bb-c84b-4512-ac79-80eb31fc039b"}}
{"event_type":"order_acked","timestamp":"2026-05-19T18:02:22.1245734+05:30","order_acked":{"request_id":"356cd15b-01d2-40fa-bc87-3f02806cbc48","status_code":201}}
{"event_type":"execution_report","timestamp":"2026-05-19T18:02:22.1283779+05:30","execution":{"order_id":"eb5ed377-2163-4134-afa1-56bb3dd7b5fa","symbol":"MSFT","side":"SELL","status":"filled","filled_qty":29,"leaves_qty":0,"price":728.82,"timestamp":"2026-05-19T12:32:22Z","match_id":"4267f29a-b0d2-467a-a80e-516a9888df69"}}
{"event_type":"order_acked","timestamp":"2026-05-19T18:02:22.1305632+05:30","order_acked":{"request_id":"fdb296ce-ef8b-4ff3-94e8-d99962fd7399","status_code":201}}
{"event_type":"order_acked","timestamp":"2026-05-19T18:02:22.1340213+05:30","order_acked":{"request_id":"8ae7ef5e-7b5e-460f-afc1-d22d9fd17d4a","status_code":201}}
{"event_type":"order_acked","timestamp":"2026-05-19T18:02:22.1356282+05:30","order_acked":{"request_id":"fb563803-37bb-4039-b6c3-28662c647a51","status_code":201}}
{"event_type":"execution_report","timestamp":"2026-05-19T18:02:22.136692+05:30","execution":{"order_id":"3c9a9299-3329-4d5a-8cd1-49aa7b923ce1","symbol":"AAPL","side":"SELL","status":"filled","filled_qty":74,"leaves_qty":0,"price":109.84,"timestamp":"2026-05-19T12:32:22Z","match_id":"cc17d38a-8d7e-4890-8ec7-0218be3cdf24"}}
{"event_type":"execution_report","timestamp":"2026-05-19T18:02:22.1416013+05:30","execution":{"order_id":"42d81b7d-3cbb-4524-a2c8-f1b97fcc1ff6","symbol":"AMZN","side":"BUY","status":"filled","filled_qty":74,"leaves_qty":0,"price":380.43,"timestamp":"2026-05-19T12:32:22Z","match_id":"886c9ef4-522f-40cf-a0a2-574bb6f2689e"}}
{"event_type":"execution_report","timestamp":"2026-05-19T18:02:22.1466202+05:30","execution":{"order_id":"f631eb5b-65e1-4f94-b91b-5ac0e45a440a","symbol":"AAPL","side":"BUY","status":"filled","filled_qty":25,"leaves_qty":0,"price":969.25,"timestamp":"2026-05-19T12:32:22Z","match_id":"d9576631-d680-4bc2-a348-15ef1029ade1"}}
{"event_type":"execution_report","timestamp":"2026-05-19T18:02:22.1482179+05:30","execution":{"order_id":"e35a098e-7297-46da-8e84-4523ecad8395","symbol":"TSLA","side":"SELL","status":"filled","filled_qty":68,"leaves_qty":0,"price":725.41,"timestamp":"2026-05-19T12:32:22Z","match_id":"17782cb2-e43c-44a0-9e95-8ae23a0ed166"}}
{"event_type":"order_acked","timestamp":"2026-05-19T18:02:22.1516251+05:30","order_acked":{"request_id":"d300f0bf-fee0-4a80-be93-ddb582867344","status_code":200}}
{"event_type":"execution_report","timestamp":"2026-05-19T18:02:22.1533818+05:30","execution":{"order_id":"d9c34a86-fb56-4912-86a8-b29b72ffbd0f","symbol":"MSFT","side":"BUY","status":"filled","filled_qty":93,"leaves_qty":0,"price":542.81,"timestamp":"2026-05-19T12:32:22Z","match_id":"40a4aef2-66d1-4a7a-a8ef-fbcab0809bf1"}}
{"event_type":"order_acked","timestamp":"2026-05-19T18:02:22.1538939+05:30","order_acked":{"request_id":"201de218-298f-4ca9-8f1e-918466a622d5","status_code":201}}
{"event_type":"execution_report","timestamp":"2026-05-19T18:02:22.1538939+05:30","execution":{"order_id":"ea0b2561-7d4d-4909-aa06-4df612abb303","symbol":"GOOG","side":"SELL","status":"filled","filled_qty":83,"leaves_qty":0,"price":841.05,"timestamp":"2026-05-19T12:32:22Z","match_id":"6cb7eaf0-e61d-48f5-b970-64ee7158fa64"}}
{"event_type":"order_acked","timestamp":"2026-05-19T18:02:22.1561417+05:30","order_acked":{"request_id":"5d872909-4c28-4974-b0df-b0b13c2f4815","status_code":200}}
{"event_type":"order_acked","timestamp":"2026-05-19T18:02:22.1574997+05:30","order_acked":{"request_id":"c8cce6ff-ee66-4894-a39e-3d89119af2a4","status_code":201}}
{"event_type":"order_acked","timestamp":"2026-05-19T18:02:22.1588244+05:30","order_acked":{"request_id":"8ec7c0de-0eeb-406a-a387-50e781fdd3dd","status_code":201}}
{"event_type":"order_acked","timestamp":"2026-05-19T18:02:22.1598882+05:30","order_acked":{"request_id":"17d5c679-7f3e-4a07-b59b-6da18e642da3","status_code":201}}
{"event_type":"order_acked","timestamp":"2026-05-19T18:02:22.1611162+05:30","order_acked":{"request_id":"50bd0cb7-39e8-4eb5-85f0-e2ce458c8df0","status_code":201}}
{"event_type":"execution_report","timestamp":"2026-05-19T18:02:22.1621918+05:30","execution":{"order_id":"bea18462-9ee3-471a-afd7-5cdf36574aad","symbol":"AMZN","side":"SELL","status":"filled","filled_qty":29,"leaves_qty":0,"price":199.29,"timestamp":"2026-05-19T12:32:22Z","match_id":"c69d3110-b19a-403e-9769-f3a5055bb4e7"}}
{"event_type":"order_acked","timestamp":"2026-05-19T18:02:22.1654482+05:30","order_acked":{"request_id":"9142f1b1-bc1d-432b-ada9-934e0cd17a4c","status_code":200}}
{"event_type":"order_acked","timestamp":"2026-05-19T18:02:22.1694437+05:30","order_acked":{"request_id":"d3a312d3-e892-420b-927d-c71fa71cc43d","status_code":201}}
{"event_type":"order_acked","timestamp":"2026-05-19T18:02:22.1732118+05:30","order_acked":{"request_id":"2d659088-5bbd-4db6-bf90-65c1f62bbc5e","status_code":201}}
{"event_type":"order_acked","timestamp":"2026-05-19T18:02:22.1753295+05:30","order_acked":{"request_id":"5dec29c7-2c82-4f12-812f-9355a6932b73","status_code":201}}
{"event_type":"order_acked","timestamp":"2026-05-19T18:02:22.1764435+05:30","order_acked":{"request_id":"8eca7b8b-6319-4d05-9762-80246801dc5e","status_code":201}}
{"event_type":"execution_report","timestamp":"2026-05-19T18:02:22.1813425+05:30","execution":{"order_id":"08b9c6a8-1c0b-4c10-9064-d86b65ce460f","symbol":"GOOG","side":"BUY","status":"filled","filled_qty":62,"leaves_qty":0,"price":222.1,"timestamp":"2026-05-19T12:32:22Z","match_id":"4b841afb-4b45-4b12-b0e4-f769f6483712"}}
{"event_type":"execution_report","timestamp":"2026-05-19T18:02:22.1841876+05:30","execution":{"order_id":"85d07d3a-fb9e-41bd-827b-d338a3a72c75","symbol":"AMZN","side":"SELL","status":"filled","filled_qty":15,"leaves_qty":0,"price":465.35,"timestamp":"2026-05-19T12:32:22Z","match_id":"9ba61cb6-38bf-43a5-8112-f25f528f4e08"}}
{"event_type":"order_acked","timestamp":"2026-05-19T18:02:22.1859686+05:30","order_acked":{"request_id":"aadbf7ca-c05b-4562-b6dd-329c17295e85","status_code":200}}
{"event_type":"order_acked","timestamp":"2026-05-19T18:02:22.1876385+05:30","order_acked":{"request_id":"ad01d5e5-528b-4e3f-b2f6-3f64806f4c07","status_code":201}}
{"event_type":"order_acked","timestamp":"2026-05-19T18:02:22.1876385+05:30","order_acked":{"request_id":"0eaf0216-213f-4079-a08d-f3056bbafa2e","status_code":201}}
{"event_type":"order_acked","timestamp":"2026-05-19T18:02:22.1895412+05:30","order_acked":{"request_id":"c81ca06f-43d0-4eaa-bc21-7b3d342cb1f9","status_code":201}}
{"event_type":"order_acked","timestamp":"2026-05-19T18:02:22.1911958+05:30","order_acked":{"request_id":"2bbafd99-8e77-400b-9417-38c4194c36b3","status_code":201}}
{"event_type":"execution_report","timestamp":"2026-05-19T18:02:22.1922847+05:30","execution":{"order_id":"9431e136-d4bc-4d17-9aad-521c0997e150","symbol":"AMZN","side":"BUY","status":"filled","filled_qty":10,"leaves_qty":0,"price":457.19,"timestamp":"2026-05-19T12:32:22Z","match_id":"cef15475-b4f1-4328-a327-1e71c5aca698"}}
{"event_type":"execution_report","timestamp":"2026-05-19T18:02:22.1947837+05:30","execution":{"order_id":"7e27028b-77a7-41c3-8f48-11c6db6b2d4f","symbol":"TSLA","side":"BUY","status":"filled","filled_qty":24,"leaves_qty":0,"price":536.17,"timestamp":"2026-05-19T12:32:22Z","match_id":"49665b02-5516-4054-8331-5223af447ef4"}}
{"event_type":"order_acked","timestamp":"2026-05-19T18:02:22.1985996+05:30","order_acked":{"request_id":"f7fbae09-52f1-412e-a6b3-5b0d0c9c4877","status_code":201}}
{"event_type":"order_acked","timestamp":"2026-05-19T18:02:22.1997744+05:30","order_acked":{"request_id":"46112f7d-73b6-4fb0-b236-8d9e69cd84e0","status_code":201}}
{"event_type":"order_acked","timestamp":"2026-05-19T18:02:22.2025502+05:30","order_acked":{"request_id":"90f5b04c-d2af-4b7a-888b-af32eb2049f3","status_code":201}}
{"event_type":"order_acked","timestamp":"2026-05-19T18:02:22.2030914+05:30","order_acked":{"request_id":"0f2e1e84-b9c6-4e76-add6-90c02a11c253","status_code":201}}
{"event_type":"order_acked","timestamp":"2026-05-19T18:02:22.209061+05:30","order_acked":{"request_id":"4d5ad30f-b78a-4cf9-b0b1-d2a3d7e4ec48","status_code":201}}
{"event_type":"order_acked","timestamp":"2026-05-19T18:02:22.2101349+05:30","order_acked":{"request_id":"e5672539-c6f0-4b12-a959-c21af8623f6b","status_code":201}}
{"event_type":"order_acked","timestamp":"2026-05-19T18:02:22.2122002+05:30","order_acked":{"request_id":"1bf6df69-719a-44d8-b7c4-873a17892d84","status_code":201}}
{"event_type":"execution_report","timestamp":"2026-05-19T18:02:22.2127326+05:30","execution":{"order_id":"8abfcdc7-efe6-4fd8-9727-70da1909533a","symbol":"MSFT","side":"BUY","status":"filled","filled_qty":1,"leaves_qty":0,"price":971.81,"timestamp":"2026-05-19T12:32:22Z","match_id":"89e14d3e-0ef3-428e-bc45-008b955b11a9"}}
{"event_type":"order_acked","timestamp":"2026-05-19T18:02:22.2138628+05:30","order_acked":{"request_id":"00a3c541-7abc-42e3-b525-d3aa03da9a1c","status_code":201}}
{"event_type":"order_acked","timestamp":"2026-05-19T18:02:22.2200175+05:30","order_acked":{"request_id":"fb5a8d19-3703-4ab8-b9a0-9836f99e3d8f","status_code":200}}
{"event_type":"execution_report","timestamp":"2026-05-19T18:02:22.2200175+05:30","execution":{"order_id":"6e73f48c-5f70-44c3-9f3b-334e0d28f26a","symbol":"TSLA","side":"BUY","status":"filled","filled_qty":84,"leaves_qty":0,"price":887.13,"timestamp":"2026-05-19T12:32:22Z","match_id":"c2c89d4b-319d-4ff7-b7c7-8e9aa2c72c74"}}
{"event_type":"order_acked","timestamp":"2026-05-19T18:02:22.2210929+05:30","order_acked":{"request_id":"0bef4f0e-faaf-4588-985c-c13db339ea49","status_code":201}}
{"event_type":"execution_report","timestamp":"2026-05-19T18:02:22.2227419+05:30","execution":{"order_id":"cb8128dd-a1e9-4138-bc9f-d31b3c5cac13","symbol":"AMZN","side":"BUY","status":"filled","filled_qty":35,"leaves_qty":0,"price":568.88,"timestamp":"2026-05-19T12:32:22Z","match_id":"3cd1eb1f-ab08-4b4c-bbd3-1cba6eae7113"}}
{"event_type":"order_acked","timestamp":"2026-05-19T18:02:22.2238563+05:30","order_acked":{"request_id":"b38d6b9a-2c14-48eb-83d1-c8e4c581d417","status_code":200}}
{"event_type":"order_acked","timestamp":"2026-05-19T18:02:22.2265731+05:30","order_acked":{"request_id":"ac057d55-de53-43a0-a375-e8519aeb5e58","status_code":200}}
{"event_type":"execution_report","timestamp":"2026-05-19T18:02:22.2288504+05:30","execution":{"order_id":"d5ccd0ba-8e51-44d6-94fa-173bde0f910d","symbol":"AAPL","side":"BUY","status":"filled","filled_qty":86,"leaves_qty":0,"price":387.21,"timestamp":"2026-05-19T12:32:22Z","match_id":"8154629c-7963-4d9c-ae29-7582d8f035eb"}}
{"event_type":"order_acked","timestamp":"2026-05-19T18:02:22.2331077+05:30","order_acked":{"request_id":"0fd33f54-11ca-4f44-8e83-5669fabe4c48","status_code":200}}
{"event_type":"order_acked","timestamp":"2026-05-19T18:02:22.2370082+05:30","order_acked":{"request_id":"228efd23-8957-418f-b408-a6f645a5d71d","status_code":201}}
{"event_type":"order_acked","timestamp":"2026-05-19T18:02:22.2381396+05:30","order_acked":{"request_id":"3f280c1e-d387-4397-a987-0be6eaedf205","status_code":201}}
{"event_type":"order_acked","timestamp":"2026-05-19T18:02:22.2424917+05:30","order_acked":{"request_id":"5c6db964-167e-4207-ad57-09e1a50d9b93","status_code":201}}
{"event_type":"execution_report","timestamp":"2026-05-19T18:02:22.2436577+05:30","execution":{"order_id":"a837a5dc-73df-49c1-bb42-6486acbbca6d","symbol":"AAPL","side":"BUY","status":"filled","filled_qty":64,"leaves_qty":0,"price":119.62,"timestamp":"2026-05-19T12:32:22Z","match_id":"dc2d6627-3a2d-4d60-a441-5c8859454017"}}
{"event_type":"order_acked","timestamp":"2026-05-19T18:02:22.2441898+05:30","order_acked":{"request_id":"153a45dd-271a-40a1-b9af-d2a6d1271786","status_code":201}}
{"event_type":"execution_report","timestamp":"2026-05-19T18:02:22.2464433+05:30","execution":{"order_id":"af844d4b-19b4-405c-a23c-6929cf190753","symbol":"TSLA","side":"SELL","status":"filled","filled_qty":14,"leaves_qty":0,"price":443.02,"timestamp":"2026-05-19T12:32:22Z","match_id":"721fc104-94b8-476d-9810-b29e49f51131"}}
{"event_type":"order_acked","timestamp":"2026-05-19T18:02:22.2492007+05:30","order_acked":{"request_id":"3e50373d-754b-463c-91a6-64b358abb3fd","status_code":201}}
{"event_type":"order_acked","timestamp":"2026-05-19T18:02:22.2527011+05:30","order_acked":{"request_id":"70a6b008-a510-4df0-882c-719805b164cf","status_code":201}}
{"event_type":"execution_report","timestamp":"2026-05-19T18:02:22.2532424+05:30","execution":{"order_id":"ab31d5d5-f068-4272-875f-3e84f32ddf43","symbol":"AMZN","side":"SELL","status":"filled","filled_qty":90,"leaves_qty":0,"price":903.58,"timestamp":"2026-05-19T12:32:22Z","match_id":"dd28d066-fd4b-42ea-a051-b6176dd56ac9"}}
{"event_type":"execution_report","timestamp":"2026-05-19T18:02:22.2554242+05:30","execution":{"order_id":"dee5716c-bf9c-4b20-9b0e-4d01a3b76e04","symbol":"TSLA","side":"BUY","status":"filled","filled_qty":31,"leaves_qty":0,"price":847.19,"timestamp":"2026-05-19T12:32:22Z","match_id":"f36e488f-2ac1-47fc-aa35-c204bd28e952"}}
{"event_type":"order_acked","timestamp":"2026-05-19T18:02:22.2565017+05:30","order_acked":{"request_id":"5e20374b-f7ee-4f85-a483-8e2b8be52647","status_code":201}}
{"event_type":"order_acked","timestamp":"2026-05-19T18:02:22.2586769+05:30","order_acked":{"request_id":"b272fa6c-5dc6-4b6c-a03e-76671305fcd2","status_code":201}}
{"event_type":"execution_report","timestamp":"2026-05-19T18:02:22.2614005+05:30","execution":{"order_id":"8d98a319-5001-4cb6-a1e9-96671c65ab3c","symbol":"MSFT","side":"SELL","status":"filled","filled_qty":52,"leaves_qty":0,"price":440.38,"timestamp":"2026-05-19T12:32:22Z","match_id":"00caf9b4-4334-4984-b7cb-ff9412c0e952"}}
{"event_type":"execution_report","timestamp":"2026-05-19T18:02:22.2619703+05:30","execution":{"order_id":"838aca33-673d-4c01-8066-510870b0c411","symbol":"MSFT","side":"SELL","status":"filled","filled_qty":35,"leaves_qty":0,"price":363.53,"timestamp":"2026-05-19T12:32:22Z","match_id":"a2298b2b-ced5-438d-ba9c-0e41362112c5"}}
{"event_type":"order_acked","timestamp":"2026-05-19T18:02:22.262989+05:30","order_acked":{"request_id":"49ae1abb-e7aa-44a3-93ed-024b97ccfb0e","status_code":201}}
{"event_type":"order_acked","timestamp":"2026-05-19T18:02:22.2674818+05:30","order_acked":{"request_id":"8de9feb1-1492-4034-9562-99a55b5d5e4b","status_code":200}}
{"event_type":"order_acked","timestamp":"2026-05-19T18:02:22.2682089+05:30","order_acked":{"request_id":"167da929-63df-4b6a-b826-4df6b771065e","status_code":200}}
{"event_type":"order_acked","timestamp":"2026-05-19T18:02:22.2747908+05:30","order_acked":{"request_id":"a20338fe-0011-4af1-8abb-0acd3bd5c109","status_code":201}}
{"event_type":"order_acked","timestamp":"2026-05-19T18:02:22.2780766+05:30","order_acked":{"request_id":"49079c82-83d9-467a-8439-7505b1b1ccdc","status_code":201}}
{"event_type":"order_acked","timestamp":"2026-05-19T18:02:22.2791652+05:30","order_acked":{"request_id":"4ba24c23-f890-430a-9f06-5b374944c6c1","status_code":201}}
{"event_type":"execution_report","timestamp":"2026-05-19T18:02:22.2834682+05:30","execution":{"order_id":"63184934-2077-4d6d-94ce-45c87eda9322","symbol":"AAPL","side":"SELL","status":"filled","filled_qty":47,"leaves_qty":0,"price":524.67,"timestamp":"2026-05-19T12:32:22Z","match_id":"27ce537e-9ddc-4509-b2da-9bc3d6691ad7"}}
{"event_type":"execution_report","timestamp":"2026-05-19T18:02:22.2872686+05:30","execution":{"order_id":"4d56837f-f07c-4866-80e1-bc90a0c44c41","symbol":"MSFT","side":"BUY","status":"filled","filled_qty":64,"leaves_qty":0,"price":192.35,"timestamp":"2026-05-19T12:32:22Z","match_id":"4c0bda57-99f5-49eb-908c-719ed62ca72b"}}
{"event_type":"order_sent","timestamp":"2026-05-19T18:02:23.8316185+05:30","order_sent":{"request_id":"7f6e81d1-df72-425d-a65b-c5acaf1e6106","order_id":"","type":"LIMIT","symbol":"GOOG","side":"SELL","price":538.98,"quantity":87}}
{"event_type":"order_sent","timestamp":"2026-05-19T18:02:23.8316185+05:30","order_sent":{"request_id":"c18d1156-6cbf-41c9-b51c-26da75ba9d23","order_id":"","type":"LIMIT","symbol":"GOOG","side":"BUY","price":951.94,"quantity":96}}
{"event_type":"order_sent","timestamp":"2026-05-19T18:02:23.8316185+05:30","order_sent":{"request_id":"7b9b423b-d5fb-45d7-9548-fe168d800ec4","order_id":"ord-8856623575792364145","type":"CANCEL","symbol":"","side":""}}
{"event_type":"order_sent","timestamp":"2026-05-19T18:02:23.8316185+05:30","order_sent":{"request_id":"314c97ab-726c-4a38-994a-85ddb040d438","order_id":"ord-5721178409258746057","type":"CANCEL","symbol":"","side":""}}
{"event_type":"order_sent","timestamp":"2026-05-19T18:02:23.8316185+05:30","order_sent":{"request_id":"a811fb16-6de8-4839-a843-4a30a047b960","order_id":"","type":"LIMIT","symbol":"GOOG","side":"SELL","price":778.18,"quantity":25}}
{"event_type":"order_sent","timestamp":"2026-05-19T18:02:23.8316185+05:30","order_sent":{"request_id":"239c9594-e873-4b1e-a1de-a4c8ad9ded0d","order_id":"","type":"LIMIT","symbol":"GOOG","side":"SELL","price":686.63,"quantity":61}}
{"event_type":"order_sent","timestamp":"2026-05-19T18:02:23.8316185+05:30","order_sent":{"request_id":"3b21c7a9-a116-4d5b-8978-f89b84a82a4a","order_id":"","type":"LIMIT","symbol":"AAPL","side":"BUY","price":577.69,"quantity":32}}
{"event_type":"order_sent","timestamp":"2026-05-19T18:02:23.8316185+05:30","order_sent":{"request_id":"9305f94f-0cf5-47c0-a67e-2ee9a5248fb1","order_id":"","type":"MARKET","symbol":"GOOG","side":"SELL","quantity":28}}
{"event_type":"order_sent","timestamp":"2026-05-19T18:02:23.8316185+05:30","order_sent":{"request_id":"4bc6901e-b9a5-4694-91da-137574188c10","order_id":"ord-2358428690868838998","type":"CANCEL","symbol":"","side":""}}
{"event_type":"order_sent","timestamp":"2026-05-19T18:02:23.8316185+05:30","order_sent":{"request_id":"debdb389-462e-4016-8886-7ac2c11f36f0","order_id":"","type":"LIMIT","symbol":"GOOG","side":"SELL","price":960.12,"quantity":24}}
{"event_type":"order_sent","timestamp":"2026-05-19T18:02:23.8316185+05:30","order_sent":{"request_id":"53b0b202-60f7-49d2-9ae6-fcd0c0593443","order_id":"","type":"LIMIT","symbol":"MSFT","side":"SELL","price":535.5,"quantity":87}}
{"event_type":"order_sent","timestamp":"2026-05-19T18:02:23.8316185+05:30","order_sent":{"request_id":"5aa60431-b4a1-4733-babd-2405838254dd","order_id":"ord-3828419921167361065","type":"CANCEL","symbol":"","side":""}}
{"event_type":"order_sent","timestamp":"2026-05-19T18:02:23.8316185+05:30","order_sent":{"request_id":"c620c2e4-efa2-4ae5-b51e-641f51dc436c","order_id":"","type":"MARKET","symbol":"MSFT","side":"SELL","quantity":6}}
{"event_type":"order_sent","timestamp":"2026-05-19T18:02:23.8316185+05:30","order_sent":{"request_id":"c66d9177-b87c-477f-87bd-45d4914638b1","order_id":"","type":"LIMIT","symbol":"MSFT","side":"SELL","price":641.34,"quantity":26}}
{"event_type":"order_sent","timestamp":"2026-05-19T18:02:23.8316185+05:30","order_sent":{"request_id":"9c519aed-cc63-4034-b94f-47d834202c88","order_id":"","type":"LIMIT","symbol":"AAPL","side":"BUY","price":936.65,"quantity":27}}
{"event_type":"order_sent","timestamp":"2026-05-19T18:02:23.8316185+05:30","order_sent":{"request_id":"b402aa5a-c373-4ae5-ad7d-87816c2aacae","order_id":"","type":"MARKET","symbol":"GOOG","side":"SELL","quantity":47}}
{"event_type":"order_sent","timestamp":"2026-05-19T18:02:23.8316185+05:30","order_sent":{"request_id":"e7c1d9cd-dfef-4508-a3e2-86e75189670a","order_id":"ord-8464848541476332013","type":"CANCEL","symbol":"","side":""}}
{"event_type":"order_sent","timestamp":"2026-05-19T18:02:23.8316185+05:30","order_sent":{"request_id":"2077340b-5490-422c-a221-2daf62973b06","order_id":"","type":"MARKET","symbol":"AAPL","side":"BUY","quantity":39}}
{"event_type":"order_sent","timestamp":"2026-05-19T18:02:23.8323496+05:30","order_sent":{"request_id":"f7b91bda-8af8-4447-a23d-0e85d8e2afbc","order_id":"","type":"MARKET","symbol":"AMZN","side":"BUY","quantity":8}}
{"event_type":"order_sent","timestamp":"2026-05-19T18:02:23.8323496+05:30","order_sent":{"request_id":"c41a04d9-ff57-40e1-abc0-88934711d84a","order_id":"","type":"LIMIT","symbol":"TSLA","side":"BUY","price":685.09,"quantity":60}}
{"event_type":"order_sent","timestamp":"2026-05-19T18:02:23.8323496+05:30","order_sent":{"request_id":"a6016167-f085-496c-8847-7a1199fb4b1c","order_id":"","type":"LIMIT","symbol":"MSFT","side":"BUY","price":180.67,"quantity":40}}
{"event_type":"order_sent","timestamp":"2026-05-19T18:02:23.8316185+05:30","order_sent":{"request_id":"f03369ca-ee87-4042-aeae-3c22a57d319f","order_id":"","type":"MARKET","symbol":"TSLA","side":"SELL","quantity":5}}
{"event_type":"order_sent","timestamp":"2026-05-19T18:02:23.8329169+05:30","order_sent":{"request_id":"4037bfb1-ca61-4294-afd0-9a91eb299293","order_id":"","type":"LIMIT","symbol":"MSFT","side":"BUY","price":447.75,"quantity":53}}
{"event_type":"order_sent","timestamp":"2026-05-19T18:02:23.8316185+05:30","order_sent":{"request_id":"eee487ed-c0b3-4851-baf3-1709467b30d6","order_id":"","type":"LIMIT","symbol":"TSLA","side":"BUY","price":394.56,"quantity":39}}
{"event_type":"order_sent","timestamp":"2026-05-19T18:02:23.8316185+05:30","order_sent":{"request_id":"b847448e-05a4-4542-8776-07fc2999db5e","order_id":"","type":"MARKET","symbol":"AMZN","side":"BUY","quantity":3}}
{"event_type":"order_sent","timestamp":"2026-05-19T18:02:23.8329169+05:30","order_sent":{"request_id":"0fb73422-49bf-48af-9a85-a54a259ff22c","order_id":"","type":"LIMIT","symbol":"TSLA","side":"SELL","price":794.58,"quantity":29}}
{"event_type":"order_sent","timestamp":"2026-05-19T18:02:23.8316185+05:30","order_sent":{"request_id":"e531e927-51cb-4c91-b9d0-f1899a9bae88","order_id":"","type":"MARKET","symbol":"GOOG","side":"SELL","quantity":20}}
{"event_type":"order_sent","timestamp":"2026-05-19T18:02:23.8316185+05:30","order_sent":{"request_id":"35c1ae04-962b-4691-8116-d8141789bc97","order_id":"","type":"LIMIT","symbol":"TSLA","side":"BUY","price":280.74,"quantity":97}}
{"event_type":"order_sent","timestamp":"2026-05-19T18:02:23.8316185+05:30","order_sent":{"request_id":"a63b5a3e-3f47-4197-9951-283b40ab0a79","order_id":"ord-4558441508427357527","type":"CANCEL","symbol":"","side":""}}
{"event_type":"order_sent","timestamp":"2026-05-19T18:02:23.8316185+05:30","order_sent":{"request_id":"4e3b0326-f9fc-4e6c-817a-50652e0b46cc","order_id":"ord-8900310408219018981","type":"CANCEL","symbol":"","side":""}}
{"event_type":"order_sent","timestamp":"2026-05-19T18:02:23.8323496+05:30","order_sent":{"request_id":"23218ab0-dad3-4cdc-8f8e-4faa6a835c14","order_id":"ord-5954943349377062949","type":"CANCEL","symbol":"","side":""}}
{"event_type":"order_sent","timestamp":"2026-05-19T18:02:23.8316185+05:30","order_sent":{"request_id":"0793c401-167c-446c-bef9-49ddb49e3f49","order_id":"","type":"MARKET","symbol":"GOOG","side":"BUY","quantity":46}}
{"event_type":"order_sent","timestamp":"2026-05-19T18:02:23.8323496+05:30","order_sent":{"request_id":"b3eaf873-a165-41e4-9a0d-9a41d036fe48","order_id":"","type":"MARKET","symbol":"GOOG","side":"BUY","quantity":20}}
{"event_type":"order_sent","timestamp":"2026-05-19T18:02:23.8316185+05:30","order_sent":{"request_id":"5c632dd5-7026-4b9f-9621-1a680404c8f4","order_id":"","type":"LIMIT","symbol":"GOOG","side":"SELL","price":148.08,"quantity":8}}
{"event_type":"order_sent","timestamp":"2026-05-19T18:02:23.8316185+05:30","order_sent":{"request_id":"1c577f59-b2bb-4cb4-b735-6ae7d9ce79bc","order_id":"","type":"LIMIT","symbol":"GOOG","side":"BUY","price":587.2,"quantity":92}}
{"event_type":"order_sent","timestamp":"2026-05-19T18:02:23.8316185+05:30","order_sent":{"request_id":"5117d2fe-51a6-483f-a230-68e8788106dc","order_id":"","type":"LIMIT","symbol":"MSFT","side":"BUY","price":115.43,"quantity":65}}
{"event_type":"order_sent","timestamp":"2026-05-19T18:02:23.8316185+05:30","order_sent":{"request_id":"75611623-fc1c-4a13-ac7d-e702413d0e06","order_id":"","type":"LIMIT","symbol":"AAPL","side":"SELL","price":210.71,"quantity":53}}
{"event_type":"order_sent","timestamp":"2026-05-19T18:02:23.8316185+05:30","order_sent":{"request_id":"31dd3b79-9cde-43cb-9359-20cd96f1d318","order_id":"","type":"MARKET","symbol":"MSFT","side":"BUY","quantity":27}}
{"event_type":"order_sent","timestamp":"2026-05-19T18:02:23.8316185+05:30","order_sent":{"request_id":"8df1ec03-2a8d-4f99-a21a-658b64b42477","order_id":"","type":"MARKET","symbol":"AAPL","side":"BUY","quantity":33}}
{"event_type":"order_sent","timestamp":"2026-05-19T18:02:23.8316185+05:30","order_sent":{"request_id":"405eae0a-b7f5-497f-8f2f-e7562a021f5f","order_id":"ord-7673712291630459540","type":"CANCEL","symbol":"","side":""}}
{"event_type":"order_sent","timestamp":"2026-05-19T18:02:23.8316185+05:30","order_sent":{"request_id":"d74a1193-89e7-45cb-b87a-250a2da5bb55","order_id":"","type":"LIMIT","symbol":"AMZN","side":"BUY","price":875.77,"quantity":82}}
{"event_type":"order_sent","timestamp":"2026-05-19T18:02:23.8316185+05:30","order_sent":{"request_id":"46a19e26-97b6-465b-8bb5-84a966ece3e3","order_id":"","type":"MARKET","symbol":"GOOG","side":"BUY","quantity":45}}
{"event_type":"order_sent","timestamp":"2026-05-19T18:02:23.8316185+05:30","order_sent":{"request_id":"2c539600-b985-4adc-878e-d94f34035437","order_id":"","type":"LIMIT","symbol":"TSLA","side":"BUY","price":329.24,"quantity":12}}
{"event_type":"order_sent","timestamp":"2026-05-19T18:02:23.8316185+05:30","order_sent":{"request_id":"c10a37e0-89d4-45fe-b8dc-28027ee44aac","order_id":"ord-6795952348348137677","type":"CANCEL","symbol":"","side":""}}
{"event_type":"order_sent","timestamp":"2026-05-19T18:02:23.8323496+05:30","order_sent":{"request_id":"f6552403-65e2-48ea-9520-6c6686eed9a7","order_id":"","type":"LIMIT","symbol":"AAPL","side":"BUY","price":335.29,"quantity":82}}
{"event_type":"order_sent","timestamp":"2026-05-19T18:02:23.8323496+05:30","order_sent":{"request_id":"de3c4903-20ef-4ee9-8331-b5aeec0e658d","order_id":"","type":"MARKET","symbol":"AMZN","side":"SELL","quantity":14}}
{"event_type":"order_sent","timestamp":"2026-05-19T18:02:23.8323496+05:30","order_sent":{"request_id":"8d701562-8a92-4ba7-8568-a546106dcb1f","order_id":"","type":"LIMIT","symbol":"TSLA","side":"BUY","price":229.61,"quantity":85}}
{"event_type":"order_sent","timestamp":"2026-05-19T18:02:23.8323496+05:30","order_sent":{"request_id":"e9396ecf-729e-443d-a81e-455fed6c404a","order_id":"","type":"LIMIT","symbol":"GOOG","side":"BUY","price":306.89,"quantity":52}}
{"event_type":"order_sent","timestamp":"2026-05-19T18:02:23.8323496+05:30","order_sent":{"request_id":"80bf2c12-9d76-4100-be4d-d5b6614e0ff6","order_id":"","type":"MARKET","symbol":"TSLA","side":"BUY","quantity":40}}
{"event_type":"order_sent","timestamp":"2026-05-19T18:02:23.8323496+05:30","order_sent":{"request_id":"87a0d286-2008-4496-8361-43fee506f8ad","order_id":"ord-2153160828698668008","type":"CANCEL","symbol":"","side":""}}
{"event_type":"order_sent","timestamp":"2026-05-19T18:02:23.8323496+05:30","order_sent":{"request_id":"23445c4a-b0a4-406b-9faa-62ccdbdf9995","order_id":"ord-7462287156906323765","type":"CANCEL","symbol":"","side":""}}
{"event_type":"order_sent","timestamp":"2026-05-19T18:02:23.8323496+05:30","order_sent":{"request_id":"eb781af8-74fc-481d-ba7c-3b328676103d","order_id":"","type":"LIMIT","symbol":"GOOG","side":"SELL","price":737.55,"quantity":19}}
{"event_type":"order_sent","timestamp":"2026-05-19T18:02:23.8323496+05:30","order_sent":{"request_id":"97e71cdd-8ea8-4790-8cb5-121cb8ef0e4a","order_id":"ord-5910238236567331191","type":"CANCEL","symbol":"","side":""}}
{"event_type":"order_sent","timestamp":"2026-05-19T18:02:23.8316185+05:30","order_sent":{"request_id":"ce639d2b-bbcc-4da4-9c8b-37e950244f1e","order_id":"ord-5532937062742626302","type":"CANCEL","symbol":"","side":""}}
{"event_type":"order_sent","timestamp":"2026-05-19T18:02:23.8323496+05:30","order_sent":{"request_id":"e14ff415-2cb6-4b79-aebe-ba36d38a16ce","order_id":"ord-4640421369983502938","type":"CANCEL","symbol":"","side":""}}
{"event_type":"order_sent","timestamp":"2026-05-19T18:02:23.8323496+05:30","order_sent":{"request_id":"55122d5c-12f4-475f-a62d-80a1bac20711","order_id":"","type":"MARKET","symbol":"MSFT","side":"SELL","quantity":1}}
{"event_type":"order_sent","timestamp":"2026-05-19T18:02:23.8323496+05:30","order_sent":{"request_id":"9e228530-4e70-4ee5-ac5f-6ef128097616","order_id":"","type":"LIMIT","symbol":"AAPL","side":"BUY","price":676.79,"quantity":53}}
{"event_type":"order_sent","timestamp":"2026-05-19T18:02:23.8323496+05:30","order_sent":{"request_id":"8fd2f58d-e4fa-4c44-9a4f-1504ac0042ca","order_id":"","type":"LIMIT","symbol":"AAPL","side":"SELL","price":121.72,"quantity":70}}
{"event_type":"order_sent","timestamp":"2026-05-19T18:02:23.8323496+05:30","order_sent":{"request_id":"0c6356ef-c545-427a-8a0c-b5b122d45fa1","order_id":"","type":"MARKET","symbol":"GOOG","side":"SELL","quantity":42}}
{"event_type":"order_sent","timestamp":"2026-05-19T18:02:23.8323496+05:30","order_sent":{"request_id":"87957b1b-45dc-4292-b43e-3ec834556deb","order_id":"ord-1793031557577025351","type":"CANCEL","symbol":"","side":""}}
{"event_type":"order_sent","timestamp":"2026-05-19T18:02:23.8323496+05:30","order_sent":{"request_id":"1a3d8a58-a1aa-4f07-89bf-56e1e34bdca7","order_id":"ord-1861190476317288712","type":"CANCEL","symbol":"","side":""}}
{"event_type":"order_sent","timestamp":"2026-05-19T18:02:23.8323496+05:30","order_sent":{"request_id":"7478763d-ca76-4fc5-becc-74568c0e7ec9","order_id":"","type":"MARKET","symbol":"TSLA","side":"BUY","quantity":3}}
{"event_type":"order_sent","timestamp":"2026-05-19T18:02:23.8323496+05:30","order_sent":{"request_id":"23d88f5c-35d2-4742-8b5c-07e9cbb0613f","order_id":"","type":"LIMIT","symbol":"TSLA","side":"BUY","price":940.88,"quantity":10}}
{"event_type":"order_sent","timestamp":"2026-05-19T18:02:23.8323496+05:30","order_sent":{"request_id":"e10b441a-f900-4ce7-9149-8d3e7b55bf4e","order_id":"","type":"MARKET","symbol":"AAPL","side":"SELL","quantity":41}}
{"event_type":"order_sent","timestamp":"2026-05-19T18:02:23.8323496+05:30","order_sent":{"request_id":"7564de86-a7b4-4c3b-8846-d145231977c3","order_id":"","type":"LIMIT","symbol":"AAPL","side":"SELL","price":775.11,"quantity":96}}
{"event_type":"order_sent","timestamp":"2026-05-19T18:02:23.8323496+05:30","order_sent":{"request_id":"9111a25b-6bc3-4550-abcf-7188b0d50f72","order_id":"","type":"MARKET","symbol":"TSLA","side":"BUY","quantity":43}}
{"event_type":"order_sent","timestamp":"2026-05-19T18:02:23.8323496+05:30","order_sent":{"request_id":"0f975f46-16d3-40ba-8606-4fea75d3efc9","order_id":"","type":"LIMIT","symbol":"MSFT","side":"BUY","price":942.57,"quantity":12}}
{"event_type":"order_sent","timestamp":"2026-05-19T18:02:23.8323496+05:30","order_sent":{"request_id":"1e2c3816-c3a7-438c-9039-9cef50b064ad","order_id":"","type":"MARKET","symbol":"AMZN","side":"SELL","quantity":42}}
{"event_type":"order_sent","timestamp":"2026-05-19T18:02:23.8323496+05:30","order_sent":{"request_id":"82235bc3-2fa0-436f-b673-3af19a34b5d6","order_id":"ord-5324327831203158174","type":"CANCEL","symbol":"","side":""}}
{"event_type":"order_sent","timestamp":"2026-05-19T18:02:23.8323496+05:30","order_sent":{"request_id":"7ec09b54-f350-4ab9-975a-10f74e65516e","order_id":"","type":"LIMIT","symbol":"GOOG","side":"BUY","price":897.43,"quantity":82}}
{"event_type":"order_sent","timestamp":"2026-05-19T18:02:23.8323496+05:30","order_sent":{"request_id":"31b1ec1d-81e1-4c5c-ac0a-cdbba114513c","order_id":"","type":"LIMIT","symbol":"AMZN","side":"SELL","price":988.9,"quantity":59}}
{"event_type":"order_sent","timestamp":"2026-05-19T18:02:23.8323496+05:30","order_sent":{"request_id":"d119a39f-9c50-4d45-b9e9-78262fc028e8","order_id":"","type":"MARKET","symbol":"AAPL","side":"SELL","quantity":48}}
{"event_type":"order_sent","timestamp":"2026-05-19T18:02:23.8323496+05:30","order_sent":{"request_id":"13a0dc36-2faa-4413-86d2-14740d931913","order_id":"","type":"MARKET","symbol":"AMZN","side":"SELL","quantity":5}}
{"event_type":"order_sent","timestamp":"2026-05-19T18:02:23.8323496+05:30","order_sent":{"request_id":"ecb5886f-e8f3-46e1-a8b3-40224fec4787","order_id":"","type":"MARKET","symbol":"GOOG","side":"SELL","quantity":46}}
{"event_type":"order_sent","timestamp":"2026-05-19T18:02:23.8323496+05:30","order_sent":{"request_id":"3fc44f57-3ec6-4f5e-b74f-f3dc9ddb8986","order_id":"","type":"LIMIT","symbol":"AMZN","side":"BUY","price":221.58,"quantity":43}}
{"event_type":"order_sent","timestamp":"2026-05-19T18:02:23.8323496+05:30","order_sent":{"request_id":"26d6af74-bb7b-45b1-909c-d211b464f714","order_id":"","type":"LIMIT","symbol":"AAPL","side":"SELL","price":701.64,"quantity":23}}
{"event_type":"order_sent","timestamp":"2026-05-19T18:02:23.8323496+05:30","order_sent":{"request_id":"ecde7cb3-0475-478e-becf-349472843597","order_id":"","type":"LIMIT","symbol":"AAPL","side":"SELL","price":939.06,"quantity":9}}
{"event_type":"order_sent","timestamp":"2026-05-19T18:02:23.8323496+05:30","order_sent":{"request_id":"fa99610a-d7bb-4b92-942e-0bc54a0ebeb2","order_id":"","type":"LIMIT","symbol":"MSFT","side":"SELL","price":918.36,"quantity":41}}
{"event_type":"order_sent","timestamp":"2026-05-19T18:02:23.8323496+05:30","order_sent":{"request_id":"75958747-45e0-45dd-b41c-dc25c3fcb268","order_id":"","type":"MARKET","symbol":"AMZN","side":"BUY","quantity":9}}
{"event_type":"order_sent","timestamp":"2026-05-19T18:02:23.8323496+05:30","order_sent":{"request_id":"64a961cf-db63-4c40-bf4b-c021105d3fd8","order_id":"","type":"LIMIT","symbol":"GOOG","side":"BUY","price":822.21,"quantity":82}}
{"event_type":"order_sent","timestamp":"2026-05-19T18:02:23.8323496+05:30","order_sent":{"request_id":"03c3097f-fa8b-4e68-9005-b3aed2a1bab9","order_id":"","type":"LIMIT","symbol":"MSFT","side":"SELL","price":206.77,"quantity":36}}
{"event_type":"order_sent","timestamp":"2026-05-19T18:02:23.8323496+05:30","order_sent":{"request_id":"dfd03534-b0a3-437a-a32c-7862ae4e0f6a","order_id":"ord-2024892953860190399","type":"CANCEL","symbol":"","side":""}}
{"event_type":"order_sent","timestamp":"2026-05-19T18:02:23.8323496+05:30","order_sent":{"request_id":"a1d43285-99a1-4fa2-9ef1-61a521440694","order_id":"","type":"MARKET","symbol":"AAPL","side":"BUY","quantity":32}}
{"event_type":"order_sent","timestamp":"2026-05-19T18:02:23.8323496+05:30","order_sent":{"request_id":"cbf8fcd8-67ee-4b6f-bf97-e7d2e9ac4120","order_id":"ord-5299129089304869383","type":"CANCEL","symbol":"","side":""}}
{"event_type":"order_sent","timestamp":"2026-05-19T18:02:23.8323496+05:30","order_sent":{"request_id":"6880eb8d-dd8d-4f45-bfc9-c94128c4e265","order_id":"","type":"LIMIT","symbol":"GOOG","side":"BUY","price":146.8,"quantity":73}}
{"event_type":"order_sent","timestamp":"2026-05-19T18:02:23.8323496+05:30","order_sent":{"request_id":"a1067c2e-72a6-4f4b-a4f8-b739d39453c2","order_id":"","type":"LIMIT","symbol":"AMZN","side":"SELL","price":637.89,"quantity":59}}
{"event_type":"order_sent","timestamp":"2026-05-19T18:02:23.8323496+05:30","order_sent":{"request_id":"218ddee7-46a5-49eb-8d54-47c561afff91","order_id":"","type":"LIMIT","symbol":"AAPL","side":"SELL","price":136.57,"quantity":48}}
{"event_type":"order_sent","timestamp":"2026-05-19T18:02:23.8323496+05:30","order_sent":{"request_id":"1a05a592-816c-4ef3-b865-27b0f3da379f","order_id":"","type":"MARKET","symbol":"GOOG","side":"SELL","quantity":40}}
{"event_type":"order_sent","timestamp":"2026-05-19T18:02:23.8323496+05:30","order_sent":{"request_id":"d9a29ea8-a8d8-4626-b039-3cfbf4d5e66d","order_id":"","type":"LIMIT","symbol":"MSFT","side":"SELL","price":260.36,"quantity":35}}
{"event_type":"order_sent","timestamp":"2026-05-19T18:02:23.8323496+05:30","order_sent":{"request_id":"47a19071-d8f6-41ea-ae4f-4601d51fdd23","order_id":"","type":"LIMIT","symbol":"AAPL","side":"BUY","price":624.36,"quantity":59}}
{"event_type":"order_sent","timestamp":"2026-05-19T18:02:23.8323496+05:30","order_sent":{"request_id":"652fa052-e161-4de8-9066-030d249750cf","order_id":"","type":"LIMIT","symbol":"MSFT","side":"BUY","price":804.45,"quantity":85}}
{"event_type":"order_sent","timestamp":"2026-05-19T18:02:23.8323496+05:30","order_sent":{"request_id":"6897238a-9c6e-4bb9-9e32-ff489d60e86e","order_id":"","type":"MARKET","symbol":"AAPL","side":"SELL","quantity":42}}
{"event_type":"order_sent","timestamp":"2026-05-19T18:02:23.8323496+05:30","order_sent":{"request_id":"d0da6da2-bc62-4e95-a53f-a473326d29b4","order_id":"","type":"MARKET","symbol":"GOOG","side":"SELL","quantity":37}}
{"event_type":"order_sent","timestamp":"2026-05-19T18:02:23.8323496+05:30","order_sent":{"request_id":"bd08986f-2018-4dfc-ae2e-e65c52107fe2","order_id":"","type":"LIMIT","symbol":"GOOG","side":"BUY","price":480.05,"quantity":14}}
{"event_type":"order_sent","timestamp":"2026-05-19T18:02:23.8323496+05:30","order_sent":{"request_id":"c45baeeb-43dd-49d4-9a55-69db867e68e2","order_id":"ord-7833486431207897696","type":"CANCEL","symbol":"","side":""}}
{"event_type":"order_sent","timestamp":"2026-05-19T18:02:23.8329169+05:30","order_sent":{"request_id":"6b15b8d9-930e-4c62-b10b-8f8d9877b7de","order_id":"","type":"LIMIT","symbol":"AAPL","side":"BUY","price":609.82,"quantity":79}}
{"event_type":"order_sent","timestamp":"2026-05-19T18:02:23.8329169+05:30","order_sent":{"request_id":"1fa6f6aa-dc3a-4050-a1fb-178fe62c17af","order_id":"ord-7280055053312865839","type":"CANCEL","symbol":"","side":""}}
{"event_type":"order_sent","timestamp":"2026-05-19T18:02:23.8329169+05:30","order_sent":{"request_id":"2acbcaf3-3730-4260-ad75-5c8ddbddd059","order_id":"","type":"LIMIT","symbol":"MSFT","side":"SELL","price":648.42,"quantity":85}}
{"event_type":"order_sent","timestamp":"2026-05-19T18:02:23.8329169+05:30","order_sent":{"request_id":"09a21b9e-146c-4290-890d-d4b97274377a","order_id":"","type":"MARKET","symbol":"TSLA","side":"SELL","quantity":29}}
{"event_type":"order_sent","timestamp":"2026-05-19T18:02:23.8329169+05:30","order_sent":{"request_id":"7647e0ac-0a05-48dc-9dc2-fb882542714f","order_id":"","type":"MARKET","symbol":"AMZN","side":"SELL","quantity":7}}
{"event_type":"order_acked","timestamp":"2026-05-19T18:02:23.8456812+05:30","order_acked":{"request_id":"c18d1156-6cbf-41c9-b51c-26da75ba9d23","status_code":201}}
{"event_type":"order_acked","timestamp":"2026-05-19T18:02:23.8580206+05:30","order_acked":{"request_id":"4bc6901e-b9a5-4694-91da-137574188c10","status_code":200}}
{"event_type":"order_acked","timestamp":"2026-05-19T18:02:23.8606138+05:30","order_acked":{"request_id":"4037bfb1-ca61-4294-afd0-9a91eb299293","status_code":201}}
{"event_type":"execution_report","timestamp":"2026-05-19T18:02:23.8619805+05:30","execution":{"order_id":"43684b27-e3bb-41d0-bb00-b4c08125aa64","symbol":"GOOG","side":"BUY","status":"filled","filled_qty":96,"leaves_qty":0,"price":951.94,"timestamp":"2026-05-19T12:32:23Z","match_id":"34660e6f-8b78-437e-a285-4cf995091dc2"}}
{"event_type":"execution_report","timestamp":"2026-05-19T18:02:23.8704181+05:30","execution":{"order_id":"c8f8b7c8-8eba-4822-b14a-fc2d554c99ea","symbol":"MSFT","side":"BUY","status":"filled","filled_qty":53,"leaves_qty":0,"price":447.75,"timestamp":"2026-05-19T12:32:23Z","match_id":"f59cf623-f07d-49c4-a0ee-4635dcb95844"}}
{"event_type":"order_acked","timestamp":"2026-05-19T18:02:23.8977778+05:30","order_acked":{"request_id":"3b21c7a9-a116-4d5b-8978-f89b84a82a4a","status_code":201}}
{"event_type":"order_acked","timestamp":"2026-05-19T18:02:23.8987882+05:30","order_acked":{"request_id":"0fb73422-49bf-48af-9a85-a54a259ff22c","status_code":201}}
{"event_type":"order_acked","timestamp":"2026-05-19T18:02:23.9024825+05:30","order_acked":{"request_id":"f7b91bda-8af8-4447-a23d-0e85d8e2afbc","status_code":201}}
{"event_type":"order_acked","timestamp":"2026-05-19T18:02:23.9049192+05:30","order_acked":{"request_id":"e7c1d9cd-dfef-4508-a3e2-86e75189670a","status_code":200}}
{"event_type":"order_acked","timestamp":"2026-05-19T18:02:23.9049192+05:30","order_acked":{"request_id":"35c1ae04-962b-4691-8116-d8141789bc97","status_code":201}}
{"event_type":"execution_report","timestamp":"2026-05-19T18:02:23.9054269+05:30","execution":{"order_id":"b130dfd5-8973-4c63-b2b2-f6119e097ead","symbol":"AAPL","side":"BUY","status":"filled","filled_qty":32,"leaves_qty":0,"price":577.69,"timestamp":"2026-05-19T12:32:23Z","match_id":"a07c1f17-1a96-41d9-bb5f-07a4d094a3bd"}}
{"event_type":"execution_report","timestamp":"2026-05-19T18:02:23.9054269+05:30","execution":{"order_id":"7c65c4ee-a72c-4087-a625-42baf6c24e4c","symbol":"TSLA","side":"SELL","status":"filled","filled_qty":29,"leaves_qty":0,"price":794.58,"timestamp":"2026-05-19T12:32:23Z","match_id":"5e466152-3319-4f58-9c72-1769df2b1eb0"}}
{"event_type":"order_acked","timestamp":"2026-05-19T18:02:23.9049192+05:30","order_acked":{"request_id":"b402aa5a-c373-4ae5-ad7d-87816c2aacae","status_code":201}}
{"event_type":"execution_report","timestamp":"2026-05-19T18:02:23.906949+05:30","execution":{"order_id":"9f931ac4-13e8-42ec-9556-a9f6446543bd","symbol":"TSLA","side":"BUY","status":"filled","filled_qty":97,"leaves_qty":0,"price":280.74,"timestamp":"2026-05-19T12:32:23Z","match_id":"2012a96d-e20e-412e-8553-b19631b07298"}}
{"event_type":"order_acked","timestamp":"2026-05-19T18:02:23.9420329+05:30","order_acked":{"request_id":"a811fb16-6de8-4839-a843-4a30a047b960","status_code":201}}
{"event_type":"execution_report","timestamp":"2026-05-19T18:02:23.9526075+05:30","execution":{"order_id":"4486cd01-2eac-488e-918e-5e9659dbfb37","symbol":"GOOG","side":"SELL","status":"filled","filled_qty":25,"leaves_qty":0,"price":778.18,"timestamp":"2026-05-19T12:32:23Z","match_id":"38ac2749-0c01-4830-aad9-b0412fe377c6"}}
{"event_type":"order_acked","timestamp":"2026-05-19T18:02:23.955331+05:30","order_acked":{"request_id":"23218ab0-dad3-4cdc-8f8e-4faa6a835c14","status_code":200}}
{"event_type":"execution_report","timestamp":"2026-05-19T18:02:23.9730018+05:30","execution":{"order_id":"de708188-56c1-4d3b-91b1-538b17c9bcce","symbol":"MSFT","side":"SELL","status":"filled","filled_qty":87,"leaves_qty":0,"price":535.5,"timestamp":"2026-05-19T12:32:23Z","match_id":"7ab73f21-fac1-4bf3-b79f-d6042ad3b7c2"}}
{"event_type":"order_acked","timestamp":"2026-05-19T18:02:23.9754376+05:30","order_acked":{"request_id":"53b0b202-60f7-49d2-9ae6-fcd0c0593443","status_code":201}}
{"event_type":"order_acked","timestamp":"2026-05-19T18:02:23.9754376+05:30","order_acked":{"request_id":"b847448e-05a4-4542-8776-07fc2999db5e","status_code":201}}
{"event_type":"execution_report","timestamp":"2026-05-19T18:02:23.9776423+05:30","execution":{"order_id":"d74c6575-5b53-4f0f-8f62-0d22ee57db64","symbol":"TSLA","side":"BUY","status":"filled","filled_qty":39,"leaves_qty":0,"price":394.56,"timestamp":"2026-05-19T12:32:23Z","match_id":"4e491e5e-bcae-4ad2-a080-f3f59297e84b"}}
{"event_type":"order_acked","timestamp":"2026-05-19T18:02:23.9783624+05:30","order_acked":{"request_id":"eee487ed-c0b3-4851-baf3-1709467b30d6","status_code":201}}
{"event_type":"order_acked","timestamp":"2026-05-19T18:02:23.9850577+05:30","order_acked":{"request_id":"2077340b-5490-422c-a221-2daf62973b06","status_code":201}}
{"event_type":"order_acked","timestamp":"2026-05-19T18:02:23.9877741+05:30","order_acked":{"request_id":"c620c2e4-efa2-4ae5-b51e-641f51dc436c","status_code":201}}
{"event_type":"order_acked","timestamp":"2026-05-19T18:02:23.9888837+05:30","order_acked":{"request_id":"5c632dd5-7026-4b9f-9621-1a680404c8f4","status_code":201}}
{"event_type":"order_acked","timestamp":"2026-05-19T18:02:23.9916223+05:30","order_acked":{"request_id":"80bf2c12-9d76-4100-be4d-d5b6614e0ff6","status_code":201}}
{"event_type":"execution_report","timestamp":"2026-05-19T18:02:23.9949615+05:30","execution":{"order_id":"9cdbf54d-6f45-4077-9646-ef6873b0a2df","symbol":"GOOG","side":"SELL","status":"filled","filled_qty":8,"leaves_qty":0,"price":148.08,"timestamp":"2026-05-19T12:32:23Z","match_id":"0a39308a-09c9-41b9-b48b-f9e55eca0f8d"}}
{"event_type":"order_acked","timestamp":"2026-05-19T18:02:23.9976905+05:30","order_acked":{"request_id":"239c9594-e873-4b1e-a1de-a4c8ad9ded0d","status_code":201}}
{"event_type":"order_acked","timestamp":"2026-05-19T18:02:24.000531+05:30","order_acked":{"request_id":"c41a04d9-ff57-40e1-abc0-88934711d84a","status_code":201}}
{"event_type":"order_acked","timestamp":"2026-05-19T18:02:24.0027441+05:30","order_acked":{"request_id":"5aa60431-b4a1-4733-babd-2405838254dd","status_code":200}}
{"event_type":"order_acked","timestamp":"2026-05-19T18:02:24.0048971+05:30","order_acked":{"request_id":"e9396ecf-729e-443d-a81e-455fed6c404a","status_code":201}}
{"event_type":"order_acked","timestamp":"2026-05-19T18:02:24.0083819+05:30","order_acked":{"request_id":"7b9b423b-d5fb-45d7-9548-fe168d800ec4","status_code":200}}
{"event_type":"execution_report","timestamp":"2026-05-19T18:02:24.0089218+05:30","execution":{"order_id":"8a0d30a5-ac8c-4fa6-88ce-59a9fda44ecb","symbol":"GOOG","side":"SELL","status":"filled","filled_qty":61,"leaves_qty":0,"price":686.63,"timestamp":"2026-05-19T12:32:24Z","match_id":"281a4607-d995-4a6b-bab7-dcd2706311c4"}}
{"event_type":"execution_report","timestamp":"2026-05-19T18:02:24.0105191+05:30","execution":{"order_id":"6a64d636-8a23-4fac-a6e6-c9d4b8f58c71","symbol":"TSLA","side":"BUY","status":"filled","filled_qty":60,"leaves_qty":0,"price":685.09,"timestamp":"2026-05-19T12:32:24Z","match_id":"11d703f7-e6bb-4246-9437-163fc6b06029"}}
{"event_type":"order_acked","timestamp":"2026-05-19T18:02:24.0121863+05:30","order_acked":{"request_id":"a63b5a3e-3f47-4197-9951-283b40ab0a79","status_code":200}}
{"event_type":"execution_report","timestamp":"2026-05-19T18:02:24.0127129+05:30","execution":{"order_id":"9afa6837-8e5f-4763-91c1-f494f1aa9a35","symbol":"GOOG","side":"BUY","status":"filled","filled_qty":52,"leaves_qty":0,"price":306.89,"timestamp":"2026-05-19T12:32:24Z","match_id":"4b94493d-da51-40ad-bed9-4b65e96986b5"}}
{"event_type":"order_acked","timestamp":"2026-05-19T18:02:24.014558+05:30","order_acked":{"request_id":"9305f94f-0cf5-47c0-a67e-2ee9a5248fb1","status_code":201}}
{"event_type":"order_acked","timestamp":"2026-05-19T18:02:24.0210836+05:30","order_acked":{"request_id":"0793c401-167c-446c-bef9-49ddb49e3f49","status_code":201}}
{"event_type":"order_acked","timestamp":"2026-05-19T18:02:24.0228329+05:30","order_acked":{"request_id":"5117d2fe-51a6-483f-a230-68e8788106dc","status_code":201}}
{"event_type":"order_acked","timestamp":"2026-05-19T18:02:24.0249734+05:30","order_acked":{"request_id":"b3eaf873-a165-41e4-9a0d-9a41d036fe48","status_code":201}}
{"event_type":"order_acked","timestamp":"2026-05-19T18:02:24.0277235+05:30","order_acked":{"request_id":"ce639d2b-bbcc-4da4-9c8b-37e950244f1e","status_code":200}}
{"event_type":"order_acked","timestamp":"2026-05-19T18:02:24.0299003+05:30","order_acked":{"request_id":"f03369ca-ee87-4042-aeae-3c22a57d319f","status_code":201}}
{"event_type":"execution_report","timestamp":"2026-05-19T18:02:24.0309839+05:30","execution":{"order_id":"7a72dfb1-346c-4e56-955e-f27fe0bb36fb","symbol":"MSFT","side":"BUY","status":"filled","filled_qty":65,"leaves_qty":0,"price":115.43,"timestamp":"2026-05-19T12:32:24Z","match_id":"530384f1-fe59-4787-9c66-282da83f5861"}}
{"event_type":"order_acked","timestamp":"2026-05-19T18:02:24.0331356+05:30","order_acked":{"request_id":"314c97ab-726c-4a38-994a-85ddb040d438","status_code":200}}
{"event_type":"order_acked","timestamp":"2026-05-19T18:02:24.0384965+05:30","order_acked":{"request_id":"e14ff415-2cb6-4b79-aebe-ba36d38a16ce","status_code":200}}
{"event_type":"order_acked","timestamp":"2026-05-19T18:02:24.040099+05:30","order_acked":{"request_id":"31dd3b79-9cde-43cb-9359-20cd96f1d318","status_code":201}}
{"event_type":"order_acked","timestamp":"2026-05-19T18:02:24.0429107+05:30","order_acked":{"request_id":"8df1ec03-2a8d-4f99-a21a-658b64b42477","status_code":201}}
{"event_type":"order_acked","timestamp":"2026-05-19T18:02:24.0439964+05:30","order_acked":{"request_id":"a6016167-f085-496c-8847-7a1199fb4b1c","status_code":201}}
{"event_type":"order_acked","timestamp":"2026-05-19T18:02:24.046181+05:30","order_acked":{"request_id":"55122d5c-12f4-475f-a62d-80a1bac20711","status_code":201}}
{"event_type":"order_acked","timestamp":"2026-05-19T18:02:24.0483224+05:30","order_acked":{"request_id":"de3c4903-20ef-4ee9-8331-b5aeec0e658d","status_code":201}}
{"event_type":"execution_report","timestamp":"2026-05-19T18:02:24.0505509+05:30","execution":{"order_id":"22b5682b-d8e6-4e05-a5c5-388a9949d2a2","symbol":"MSFT","side":"BUY","status":"filled","filled_qty":40,"leaves_qty":0,"price":180.67,"timestamp":"2026-05-19T12:32:24Z","match_id":"662df742-4d37-4f16-9377-1bf43a678778"}}
{"event_type":"order_acked","timestamp":"2026-05-19T18:02:24.0521607+05:30","order_acked":{"request_id":"0c6356ef-c545-427a-8a0c-b5b122d45fa1","status_code":201}}
{"event_type":"order_acked","timestamp":"2026-05-19T18:02:24.0580325+05:30","order_acked":{"request_id":"1a3d8a58-a1aa-4f07-89bf-56e1e34bdca7","status_code":200}}
{"event_type":"order_acked","timestamp":"2026-05-19T18:02:24.0624423+05:30","order_acked":{"request_id":"8d701562-8a92-4ba7-8568-a546106dcb1f","status_code":201}}
{"event_type":"order_acked","timestamp":"2026-05-19T18:02:24.0667844+05:30","order_acked":{"request_id":"87957b1b-45dc-4292-b43e-3ec834556deb","status_code":200}}
{"event_type":"execution_report","timestamp":"2026-05-19T18:02:24.0684417+05:30","execution":{"order_id":"e4edb60e-e993-40bb-92a3-6e111bee124d","symbol":"TSLA","side":"BUY","status":"filled","filled_qty":85,"leaves_qty":0,"price":229.61,"timestamp":"2026-05-19T12:32:24Z","match_id":"837366f8-8e20-4f2a-9750-3ca4f23025bb"}}
{"event_type":"order_acked","timestamp":"2026-05-19T18:02:24.0702641+05:30","order_acked":{"request_id":"23d88f5c-35d2-4742-8b5c-07e9cbb0613f","status_code":201}}
{"event_type":"order_acked","timestamp":"2026-05-19T18:02:24.0729315+05:30","order_acked":{"request_id":"eb781af8-74fc-481d-ba7c-3b328676103d","status_code":201}}
{"event_type":"order_acked","timestamp":"2026-05-19T18:02:24.0751231+05:30","order_acked":{"request_id":"e10b441a-f900-4ce7-9149-8d3e7b55bf4e","status_code":201}}
{"event_type":"execution_report","timestamp":"2026-05-19T18:02:24.0751231+05:30","execution":{"order_id":"f8a9e9b0-5fd4-44db-a547-752699c96ab5","symbol":"TSLA","side":"BUY","status":"filled","filled_qty":10,"leaves_qty":0,"price":940.88,"timestamp":"2026-05-19T12:32:24Z","match_id":"156a66ea-992e-4d54-9962-1dc471acea67"}}
{"event_type":"execution_report","timestamp":"2026-05-19T18:02:24.0756772+05:30","execution":{"order_id":"67364688-fd2b-40f0-9ed2-cbd2f86d266b","symbol":"GOOG","side":"SELL","status":"filled","filled_qty":19,"leaves_qty":0,"price":737.55,"timestamp":"2026-05-19T12:32:24Z","match_id":"c44be9df-f240-4b39-98e1-177cf236de76"}}
{"event_type":"order_acked","timestamp":"2026-05-19T18:02:24.0795213+05:30","order_acked":{"request_id":"46a19e26-97b6-465b-8bb5-84a966ece3e3","status_code":201}}
{"event_type":"order_acked","timestamp":"2026-05-19T18:02:24.0886678+05:30","order_acked":{"request_id":"405eae0a-b7f5-497f-8f2f-e7562a021f5f","status_code":200}}
{"event_type":"order_acked","timestamp":"2026-05-19T18:02:24.0897389+05:30","order_acked":{"request_id":"7f6e81d1-df72-425d-a65b-c5acaf1e6106","status_code":201}}
{"event_type":"execution_report","timestamp":"2026-05-19T18:02:24.0913521+05:30","execution":{"order_id":"80f495b3-cb96-4156-a057-48b6987d6e87","symbol":"GOOG","side":"SELL","status":"filled","filled_qty":87,"leaves_qty":0,"price":538.98,"timestamp":"2026-05-19T12:32:24Z","match_id":"cc0cfb83-3977-47e8-a2b1-054313d1c063"}}
{"event_type":"order_acked","timestamp":"2026-05-19T18:02:24.0936406+05:30","order_acked":{"request_id":"4e3b0326-f9fc-4e6c-817a-50652e0b46cc","status_code":200}}
{"event_type":"order_acked","timestamp":"2026-05-19T18:02:24.0942104+05:30","order_acked":{"request_id":"c10a37e0-89d4-45fe-b8dc-28027ee44aac","status_code":200}}
{"event_type":"order_acked","timestamp":"2026-05-19T18:02:24.1010198+05:30","order_acked":{"request_id":"97e71cdd-8ea8-4790-8cb5-121cb8ef0e4a","status_code":200}}
{"event_type":"order_acked","timestamp":"2026-05-19T18:02:24.102134+05:30","order_acked":{"request_id":"debdb389-462e-4016-8886-7ac2c11f36f0","status_code":201}}
{"event_type":"order_acked","timestamp":"2026-05-19T18:02:24.1032285+05:30","order_acked":{"request_id":"8fd2f58d-e4fa-4c44-9a4f-1504ac0042ca","status_code":201}}
{"event_type":"order_acked","timestamp":"2026-05-19T18:02:24.1054316+05:30","order_acked":{"request_id":"7478763d-ca76-4fc5-becc-74568c0e7ec9","status_code":201}}
{"event_type":"execution_report","timestamp":"2026-05-19T18:02:24.1070991+05:30","execution":{"order_id":"a2525151-68f6-40fa-a7a7-77fd4e8be9c3","symbol":"AAPL","side":"SELL","status":"filled","filled_qty":70,"leaves_qty":0,"price":121.72,"timestamp":"2026-05-19T12:32:24Z","match_id":"82216c1e-0ef7-4bd7-8755-af0fccca485c"}}
{"event_type":"execution_report","timestamp":"2026-05-19T18:02:24.1076255+05:30","execution":{"order_id":"ffa7bd70-caba-4a8b-bff3-f5bb3225b8d0","symbol":"GOOG","side":"SELL","status":"filled","filled_qty":24,"leaves_qty":0,"price":960.12,"timestamp":"2026-05-19T12:32:24Z","match_id":"dda52cc8-2528-4d03-ad9a-37033e12167b"}}
{"event_type":"order_acked","timestamp":"2026-05-19T18:02:24.1097883+05:30","order_acked":{"request_id":"e531e927-51cb-4c91-b9d0-f1899a9bae88","status_code":201}}
{"event_type":"order_acked","timestamp":"2026-05-19T18:02:24.1135516+05:30","order_acked":{"request_id":"75611623-fc1c-4a13-ac7d-e702413d0e06","status_code":201}}
{"event_type":"order_acked","timestamp":"2026-05-19T18:02:24.1152774+05:30","order_acked":{"request_id":"09a21b9e-146c-4290-890d-d4b97274377a","status_code":201}}
{"event_type":"order_acked","timestamp":"2026-05-19T18:02:24.1243317+05:30","order_acked":{"request_id":"87a0d286-2008-4496-8361-43fee506f8ad","status_code":200}}
{"event_type":"execution_report","timestamp":"2026-05-19T18:02:24.124884+05:30","execution":{"order_id":"a684de10-e698-499b-bfe6-42e16007bc8d","symbol":"AAPL","side":"SELL","status":"filled","filled_qty":53,"leaves_qty":0,"price":210.71,"timestamp":"2026-05-19T12:32:24Z","match_id":"9b4c6a5a-c03f-4327-bb04-61f5d8aa2297"}}
{"event_type":"order_acked","timestamp":"2026-05-19T18:02:24.1345024+05:30","order_acked":{"request_id":"f6552403-65e2-48ea-9520-6c6686eed9a7","status_code":201}}
{"event_type":"order_acked","timestamp":"2026-05-19T18:02:24.1410053+05:30","order_acked":{"request_id":"23445c4a-b0a4-406b-9faa-62ccdbdf9995","status_code":200}}
{"event_type":"execution_report","timestamp":"2026-05-19T18:02:24.1432053+05:30","execution":{"order_id":"41b57fcd-44cc-4b60-83a9-4fdd4cbcc5c0","symbol":"MSFT","side":"SELL","status":"filled","filled_qty":26,"leaves_qty":0,"price":641.34,"timestamp":"2026-05-19T12:32:24Z","match_id":"558a2347-4579-4e96-95aa-f51fc2680c42"}}
{"event_type":"execution_report","timestamp":"2026-05-19T18:02:24.1454054+05:30","execution":{"order_id":"1e74f965-47b0-4c58-bc29-dc9f478b55ec","symbol":"AAPL","side":"BUY","status":"filled","filled_qty":82,"leaves_qty":0,"price":335.29,"timestamp":"2026-05-19T12:32:24Z","match_id":"7df00bf7-7b31-41af-8f5c-41bfe6a6754a"}}
{"event_type":"order_acked","timestamp":"2026-05-19T18:02:24.1470283+05:30","order_acked":{"request_id":"c66d9177-b87c-477f-87bd-45d4914638b1","status_code":201}}
{"event_type":"execution_report","timestamp":"2026-05-19T18:02:24.1551621+05:30","execution":{"order_id":"222c147c-4367-4f32-88eb-0a58ef7344c4","symbol":"AMZN","side":"BUY","status":"filled","filled_qty":82,"leaves_qty":0,"price":875.77,"timestamp":"2026-05-19T12:32:24Z","match_id":"6bdb4bc2-12b5-4fd4-aee1-b2a4e17f629a"}}
{"event_type":"execution_report","timestamp":"2026-05-19T18:02:24.1562462+05:30","execution":{"order_id":"ed6a0a96-1703-41f6-ac0f-40b6fc7bef4b","symbol":"AAPL","side":"BUY","status":"filled","filled_qty":53,"leaves_qty":0,"price":676.79,"timestamp":"2026-05-19T12:32:24Z","match_id":"8b056170-f9cb-4d5b-80dc-6b358263d3e1"}}
{"event_type":"order_acked","timestamp":"2026-05-19T18:02:24.159563+05:30","order_acked":{"request_id":"d74a1193-89e7-45cb-b87a-250a2da5bb55","status_code":201}}
{"event_type":"order_acked","timestamp":"2026-05-19T18:02:24.1741241+05:30","order_acked":{"request_id":"7647e0ac-0a05-48dc-9dc2-fb882542714f","status_code":201}}
{"event_type":"order_acked","timestamp":"2026-05-19T18:02:24.1770857+05:30","order_acked":{"request_id":"9e228530-4e70-4ee5-ac5f-6ef128097616","status_code":201}}
{"event_type":"order_acked","timestamp":"2026-05-19T18:02:24.182029+05:30","order_acked":{"request_id":"2c539600-b985-4adc-878e-d94f34035437","status_code":201}}
{"event_type":"execution_report","timestamp":"2026-05-19T18:02:24.1868365+05:30","execution":{"order_id":"13db1338-5f3b-41df-827f-4c197993da18","symbol":"TSLA","side":"BUY","status":"filled","filled_qty":12,"leaves_qty":0,"price":329.24,"timestamp":"2026-05-19T12:32:24Z","match_id":"accde378-c1b6-4fd9-a7a3-52b4f7876aea"}}
{"event_type":"execution_report","timestamp":"2026-05-19T18:02:24.197217+05:30","execution":{"order_id":"dd85bb7f-2276-46e6-bf90-da051ea84fe7","symbol":"AAPL","side":"BUY","status":"filled","filled_qty":27,"leaves_qty":0,"price":936.65,"timestamp":"2026-05-19T12:32:24Z","match_id":"5f9fa285-8b6a-424f-8a23-454f29e276dd"}}
{"event_type":"order_acked","timestamp":"2026-05-19T18:02:24.2026493+05:30","order_acked":{"request_id":"9c519aed-cc63-4034-b94f-47d834202c88","status_code":201}}
{"event_type":"order_acked","timestamp":"2026-05-19T18:02:24.2105399+05:30","order_acked":{"request_id":"31b1ec1d-81e1-4c5c-ac0a-cdbba114513c","status_code":201}}
{"event_type":"order_acked","timestamp":"2026-05-19T18:02:24.2127075+05:30","order_acked":{"request_id":"fa99610a-d7bb-4b92-942e-0bc54a0ebeb2","status_code":201}}
{"event_type":"execution_report","timestamp":"2026-05-19T18:02:24.2180649+05:30","execution":{"order_id":"fd1c1974-72f3-41dd-b3cc-6c4d15ce0563","symbol":"AMZN","side":"SELL","status":"filled","filled_qty":59,"leaves_qty":0,"price":988.9,"timestamp":"2026-05-19T12:32:24Z","match_id":"56bde330-21e8-48e8-b8c7-8fb829652eff"}}
{"event_type":"execution_report","timestamp":"2026-05-19T18:02:24.2262569+05:30","execution":{"order_id":"d585da97-a69c-4fe5-84f5-9b336b2ea3ba","symbol":"MSFT","side":"SELL","status":"filled","filled_qty":41,"leaves_qty":0,"price":918.36,"timestamp":"2026-05-19T12:32:24Z","match_id":"5e0a7012-ebfd-4af7-88dd-db214aa90d46"}}
{"event_type":"order_acked","timestamp":"2026-05-19T18:02:24.2294486+05:30","order_acked":{"request_id":"9111a25b-6bc3-4550-abcf-7188b0d50f72","status_code":201}}
{"event_type":"order_acked","timestamp":"2026-05-19T18:02:24.233289+05:30","order_acked":{"request_id":"0f975f46-16d3-40ba-8606-4fea75d3efc9","status_code":201}}
{"event_type":"execution_report","timestamp":"2026-05-19T18:02:24.2353964+05:30","execution":{"order_id":"4097f3b0-3a6c-4b4b-93f2-55baf0c6f7c3","symbol":"MSFT","side":"BUY","status":"filled","filled_qty":12,"leaves_qty":0,"price":942.57,"timestamp":"2026-05-19T12:32:24Z","match_id":"1c0a62fc-1983-4a8e-9a7c-c42d0cd9fd8c"}}
{"event_type":"execution_report","timestamp":"2026-05-19T18:02:24.2392103+05:30","execution":{"order_id":"2ee7a1a4-ac9c-476b-894a-3c157c823350","symbol":"GOOG","side":"BUY","status":"filled","filled_qty":92,"leaves_qty":0,"price":587.2,"timestamp":"2026-05-19T12:32:24Z","match_id":"8c3e1332-3b85-4c77-b53e-abe46e143f96"}}
{"event_type":"order_acked","timestamp":"2026-05-19T18:02:24.2424532+05:30","order_acked":{"request_id":"1c577f59-b2bb-4cb4-b735-6ae7d9ce79bc","status_code":201}}
{"event_type":"order_acked","timestamp":"2026-05-19T18:02:24.2469222+05:30","order_acked":{"request_id":"82235bc3-2fa0-436f-b673-3af19a34b5d6","status_code":200}}
{"event_type":"order_acked","timestamp":"2026-05-19T18:02:24.2562552+05:30","order_acked":{"request_id":"1e2c3816-c3a7-438c-9039-9cef50b064ad","status_code":201}}
{"event_type":"order_acked","timestamp":"2026-05-19T18:02:24.2650739+05:30","order_acked":{"request_id":"13a0dc36-2faa-4413-86d2-14740d931913","status_code":201}}
{"event_type":"order_acked","timestamp":"2026-05-19T18:02:24.266147+05:30","order_acked":{"request_id":"03c3097f-fa8b-4e68-9005-b3aed2a1bab9","status_code":201}}
{"event_type":"order_acked","timestamp":"2026-05-19T18:02:24.2680421+05:30","order_acked":{"request_id":"cbf8fcd8-67ee-4b6f-bf97-e7d2e9ac4120","status_code":200}}
{"event_type":"order_acked","timestamp":"2026-05-19T18:02:24.269712+05:30","order_acked":{"request_id":"7ec09b54-f350-4ab9-975a-10f74e65516e","status_code":201}}
{"event_type":"order_acked","timestamp":"2026-05-19T18:02:24.2713424+05:30","order_acked":{"request_id":"1a05a592-816c-4ef3-b865-27b0f3da379f","status_code":201}}
{"event_type":"execution_report","timestamp":"2026-05-19T18:02:24.2746609+05:30","execution":{"order_id":"4f4397bf-8773-4cdf-8199-d50df97aca34","symbol":"MSFT","side":"SELL","status":"filled","filled_qty":36,"leaves_qty":0,"price":206.77,"timestamp":"2026-05-19T12:32:24Z","match_id":"c6f33f18-f654-4af6-b69b-c687fe6514d3"}}
{"event_type":"execution_report","timestamp":"2026-05-19T18:02:24.2757501+05:30","execution":{"order_id":"3f3b73e3-852e-469e-a958-e139fac5351d","symbol":"GOOG","side":"BUY","status":"filled","filled_qty":82,"leaves_qty":0,"price":897.43,"timestamp":"2026-05-19T12:32:24Z","match_id":"4fdb205c-00ca-4d79-91b8-087128822f82"}}
{"event_type":"order_acked","timestamp":"2026-05-19T18:02:24.28057+05:30","order_acked":{"request_id":"a1067c2e-72a6-4f4b-a4f8-b739d39453c2","status_code":201}}
{"event_type":"order_acked","timestamp":"2026-05-19T18:02:24.284267+05:30","order_acked":{"request_id":"64a961cf-db63-4c40-bf4b-c021105d3fd8","status_code":201}}
{"event_type":"order_acked","timestamp":"2026-05-19T18:02:24.2859073+05:30","order_acked":{"request_id":"c45baeeb-43dd-49d4-9a55-69db867e68e2","status_code":200}}
{"event_type":"order_acked","timestamp":"2026-05-19T18:02:24.2870208+05:30","order_acked":{"request_id":"218ddee7-46a5-49eb-8d54-47c561afff91","status_code":201}}
{"event_type":"execution_report","timestamp":"2026-05-19T18:02:24.2870208+05:30","execution":{"order_id":"569ea1c3-dae3-45f2-9614-a4a2d3d3d3f2","symbol":"AMZN","side":"SELL","status":"filled","filled_qty":59,"leaves_qty":0,"price":637.89,"timestamp":"2026-05-19T12:32:24Z","match_id":"59af47f6-9c0a-4edf-a05f-347198db3a26"}}
{"event_type":"execution_report","timestamp":"2026-05-19T18:02:24.2909338+05:30","execution":{"order_id":"ecd46617-1de1-4908-bbb8-9db2adf2dc32","symbol":"GOOG","side":"BUY","status":"filled","filled_qty":82,"leaves_qty":0,"price":822.21,"timestamp":"2026-05-19T12:32:24Z","match_id":"1f95c956-c73f-4df0-b6b5-8904e4b97c3f"}}
