{"event_type":"order_sent","timestamp":"2026-05-19T19:24:02.2119111+05:30","order_sent":{"request_id":"797ec860-f534-43bf-bd20-a477cdea54d3","order_id":"","type":"LIMIT","symbol":"AAPL","side":"SELL","price":833.87,"quantity":41}}
{"event_type":"order_sent","timestamp":"2026-05-19T19:24:02.2119111+05:30","order_sent":{"request_id":"00a772dc-bf7e-4253-bd44-f3a312af9257","order_id":"","type":"LIMIT","symbol":"TSLA","side":"SELL","price":200.66,"quantity":33}}
{"event_type":"order_sent","timestamp":"2026-05-19T19:24:02.2124881+05:30","order_sent":{"request_id":"1f387f45-a1ec-4b7f-ae3f-43569909e92f","order_id":"","type":"MARKET","symbol":"MSFT","side":"BUY","quantity":17}}
{"event_type":"order_sent","timestamp":"2026-05-19T19:24:02.2124881+05:30","order_sent":{"request_id":"9561630e-9c72-451d-a7ca-1e96127c970d","order_id":"","type":"LIMIT","symbol":"TSLA","side":"SELL","price":216.65,"quantity":17}}
{"event_type":"order_sent","timestamp":"2026-05-19T19:24:02.213026+05:30","order_sent":{"request_id":"be1c0512-b8a5-420f-9469-0bdfb7388dfc","order_id":"ord-4262562408773601888","type":"CANCEL","symbol":"","side":""}}
{"event_type":"order_sent","timestamp":"2026-05-19T19:24:02.213026+05:30","order_sent":{"request_id":"d249a334-72e1-41a0-84b8-7da1e549ea5d","order_id":"","type":"LIMIT","symbol":"MSFT","side":"SELL","price":189.71,"quantity":5}}
{"event_type":"order_sent","timestamp":"2026-05-19T19:24:02.213026+05:30","order_sent":{"request_id":"80cc4082-182c-4258-9284-eab22e9209a4","order_id":"ord-3761654671929767210","type":"CANCEL","symbol":"","side":""}}
{"event_type":"order_sent","timestamp":"2026-05-19T19:24:02.2124881+05:30","order_sent":{"request_id":"fd1524a1-a335-4179-9069-11c62f4d1d1a","order_id":"ord-2733928983307229639","type":"CANCEL","symbol":"","side":""}}
{"event_type":"order_sent","timestamp":"2026-05-19T19:24:02.213026+05:30","order_sent":{"request_id":"2a640524-e313-4356-b12d-265186439437","order_id":"ord-8954874969526838069","type":"CANCEL","symbol":"","side":""}}
{"event_type":"order_sent","timestamp":"2026-05-19T19:24:02.213026+05:30","order_sent":{"request_id":"388ae969-06bd-4ce9-8fb2-6ff8fbe12cfb","order_id":"","type":"LIMIT","symbol":"AAPL","side":"BUY","price":440.23,"quantity":75}}
{"event_type":"order_sent","timestamp":"2026-05-19T19:24:02.213026+05:30","order_sent":{"request_id":"4033581a-525d-47ff-9967-5db3301dd64b","order_id":"","type":"MARKET","symbol":"TSLA","side":"BUY","quantity":9}}
{"event_type":"order_sent","timestamp":"2026-05-19T19:24:02.213026+05:30","order_sent":{"request_id":"0b918326-36c8-4383-bdb9-29a302908c44","order_id":"","type":"LIMIT","symbol":"GOOG","side":"BUY","price":476.03,"quantity":86}}
{"event_type":"order_sent","timestamp":"2026-05-19T19:24:02.213026+05:30","order_sent":{"request_id":"3dd7716c-d668-4998-90de-d7c227f71693","order_id":"","type":"LIMIT","symbol":"TSLA","side":"BUY","price":989.42,"quantity":19}}
{"event_type":"order_sent","timestamp":"2026-05-19T19:24:02.2119111+05:30","order_sent":{"request_id":"f932fc06-8484-4b70-8275-842f5065bfb8","order_id":"","type":"MARKET","symbol":"GOOG","side":"SELL","quantity":25}}
{"event_type":"order_sent","timestamp":"2026-05-19T19:24:02.2124881+05:30","order_sent":{"request_id":"577931c3-be31-4384-8192-7a284921b92f","order_id":"","type":"LIMIT","symbol":"TSLA","side":"SELL","price":308.78,"quantity":47}}
{"event_type":"order_sent","timestamp":"2026-05-19T19:24:02.2135612+05:30","order_sent":{"request_id":"4141a5a9-5390-410d-b5c3-ab200ecd2427","order_id":"","type":"LIMIT","symbol":"MSFT","side":"BUY","price":844.39,"quantity":51}}
{"event_type":"order_sent","timestamp":"2026-05-19T19:24:02.2135612+05:30","order_sent":{"request_id":"292014ed-9c59-4ae3-b04b-d8dfb0d5fd59","order_id":"","type":"MARKET","symbol":"TSLA","side":"SELL","quantity":37}}
{"event_type":"order_sent","timestamp":"2026-05-19T19:24:02.2135612+05:30","order_sent":{"request_id":"94febb8d-0b97-40fe-98f4-ca4954aaf3fa","order_id":"","type":"LIMIT","symbol":"TSLA","side":"SELL","price":787.47,"quantity":96}}
{"event_type":"order_sent","timestamp":"2026-05-19T19:24:02.2124881+05:30","order_sent":{"request_id":"d085971c-1606-4387-8f68-c3954f87987d","order_id":"ord-2925873165586230252","type":"CANCEL","symbol":"","side":""}}
{"event_type":"order_sent","timestamp":"2026-05-19T19:24:02.2124881+05:30","order_sent":{"request_id":"5eb30248-a79a-4025-b366-9dee7bbdd4ec","order_id":"","type":"LIMIT","symbol":"MSFT","side":"SELL","price":454.07,"quantity":74}}
{"event_type":"order_sent","timestamp":"2026-05-19T19:24:02.2135612+05:30","order_sent":{"request_id":"cb07c72b-1621-4cc9-9430-e0ac5ed73f30","order_id":"","type":"MARKET","symbol":"AMZN","side":"SELL","quantity":5}}
{"event_type":"order_sent","timestamp":"2026-05-19T19:24:02.213026+05:30","order_sent":{"request_id":"8ae2859f-3c90-4425-afff-273601c158fc","order_id":"ord-9126695875094755805","type":"CANCEL","symbol":"","side":""}}
{"event_type":"order_sent","timestamp":"2026-05-19T19:24:02.2124881+05:30","order_sent":{"request_id":"cd66690e-2a74-4d85-b8a6-7e604eaa40cf","order_id":"","type":"LIMIT","symbol":"GOOG","side":"BUY","price":964.39,"quantity":48}}
{"event_type":"order_sent","timestamp":"2026-05-19T19:24:02.2135612+05:30","order_sent":{"request_id":"bf36b4b0-b5df-47e9-bd14-334b11f57fad","order_id":"","type":"MARKET","symbol":"GOOG","side":"SELL","quantity":25}}
{"event_type":"order_sent","timestamp":"2026-05-19T19:24:02.213026+05:30","order_sent":{"request_id":"5b8dc3b2-1d1c-4407-89db-fe8c24a6ba2a","order_id":"ord-5136536707082122104","type":"CANCEL","symbol":"","side":""}}
{"event_type":"order_sent","timestamp":"2026-05-19T19:24:02.2119111+05:30","order_sent":{"request_id":"c66fd441-4e29-414b-a766-189409638fb5","order_id":"ord-7097222758299658596","type":"CANCEL","symbol":"","side":""}}
{"event_type":"order_sent","timestamp":"2026-05-19T19:24:02.2119111+05:30","order_sent":{"request_id":"c2974176-4740-45d4-9bdd-77ffdabb240c","order_id":"","type":"MARKET","symbol":"GOOG","side":"SELL","quantity":28}}
{"event_type":"order_sent","timestamp":"2026-05-19T19:24:02.2119111+05:30","order_sent":{"request_id":"bd981f39-c8fd-46de-8d89-23e8efccef5d","order_id":"","type":"LIMIT","symbol":"TSLA","side":"BUY","price":425.65,"quantity":5}}
{"event_type":"order_sent","timestamp":"2026-05-19T19:24:02.2119111+05:30","order_sent":{"request_id":"5c5e4caa-ef1f-4eaa-8513-2d182f11acb3","order_id":"ord-2216498931721458951","type":"CANCEL","symbol":"","side":""}}
{"event_type":"order_sent","timestamp":"2026-05-19T19:24:02.2119111+05:30","order_sent":{"request_id":"c3d7f2a0-ecbf-42aa-9fba-96ffe9f76c48","order_id":"","type":"LIMIT","symbol":"AAPL","side":"BUY","price":672.21,"quantity":23}}
{"event_type":"order_sent","timestamp":"2026-05-19T19:24:02.2119111+05:30","order_sent":{"request_id":"c65af2a9-969b-4876-adfc-18ca3442f0ca","order_id":"","type":"LIMIT","symbol":"MSFT","side":"BUY","price":529.69,"quantity":14}}
{"event_type":"order_sent","timestamp":"2026-05-19T19:24:02.2119111+05:30","order_sent":{"request_id":"df3e67aa-8709-4645-93f2-10ef846a99fb","order_id":"ord-3839594621152928216","type":"CANCEL","symbol":"","side":""}}
{"event_type":"order_sent","timestamp":"2026-05-19T19:24:02.2119111+05:30","order_sent":{"request_id":"81aba0d6-d9e8-486f-aa02-4a7341131ca1","order_id":"","type":"LIMIT","symbol":"MSFT","side":"SELL","price":427.01,"quantity":71}}
{"event_type":"order_sent","timestamp":"2026-05-19T19:24:02.2119111+05:30","order_sent":{"request_id":"0456b8f3-b364-4ee2-8175-da3652105a9c","order_id":"ord-5378484387702401399","type":"CANCEL","symbol":"","side":""}}
{"event_type":"order_sent","timestamp":"2026-05-19T19:24:02.2119111+05:30","order_sent":{"request_id":"eadb7506-f00a-45af-afe0-28a1ebdea232","order_id":"","type":"LIMIT","symbol":"GOOG","side":"BUY","price":809.86,"quantity":67}}
{"event_type":"order_sent","timestamp":"2026-05-19T19:24:02.2119111+05:30","order_sent":{"request_id":"20683097-171c-41a3-bf5e-9b4f500f1619","order_id":"","type":"LIMIT","symbol":"AMZN","side":"BUY","price":729,"quantity":3}}
{"event_type":"order_sent","timestamp":"2026-05-19T19:24:02.2119111+05:30","order_sent":{"request_id":"57c20190-df32-4e09-815b-be6f72b681b7","order_id":"ord-8969991905931303953","type":"CANCEL","symbol":"","side":""}}
{"event_type":"order_sent","timestamp":"2026-05-19T19:24:02.2119111+05:30","order_sent":{"request_id":"5d91359c-e0d9-4579-b7fc-ba0c0f2c0850","order_id":"","type":"LIMIT","symbol":"TSLA","side":"BUY","price":714.01,"quantity":51}}
{"event_type":"order_sent","timestamp":"2026-05-19T19:24:02.2119111+05:30","order_sent":{"request_id":"a67daf89-c408-4250-8b47-63ada00681eb","order_id":"ord-6291069795918897846","type":"CANCEL","symbol":"","side":""}}
{"event_type":"order_sent","timestamp":"2026-05-19T19:24:02.2119111+05:30","order_sent":{"request_id":"6e33f45d-0ed6-4965-90bb-b4debd377680","order_id":"","type":"LIMIT","symbol":"MSFT","side":"SELL","price":410.74,"quantity":65}}
{"event_type":"order_sent","timestamp":"2026-05-19T19:24:02.2119111+05:30","order_sent":{"request_id":"c58e14c7-331f-4d59-9b37-66a1854c4667","order_id":"","type":"LIMIT","symbol":"MSFT","side":"SELL","price":366.93,"quantity":73}}
{"event_type":"order_sent","timestamp":"2026-05-19T19:24:02.2119111+05:30","order_sent":{"request_id":"a161d8e3-0e70-4b28-923d-0fc603e89fa6","order_id":"","type":"LIMIT","symbol":"AAPL","side":"SELL","price":953.06,"quantity":9}}
{"event_type":"order_sent","timestamp":"2026-05-19T19:24:02.2119111+05:30","order_sent":{"request_id":"70e428e9-5b9f-4e6f-9843-db8914c23729","order_id":"","type":"LIMIT","symbol":"AMZN","side":"BUY","price":716.12,"quantity":76}}
{"event_type":"order_sent","timestamp":"2026-05-19T19:24:02.2119111+05:30","order_sent":{"request_id":"d840a1f4-1e2a-4173-a139-edef1f76ed63","order_id":"","type":"LIMIT","symbol":"AAPL","side":"BUY","price":962,"quantity":81}}
{"event_type":"order_sent","timestamp":"2026-05-19T19:24:02.2119111+05:30","order_sent":{"request_id":"6bafa0e3-1ea6-4c5e-8cb1-33f081a8d324","order_id":"","type":"LIMIT","symbol":"MSFT","side":"SELL","price":529.85,"quantity":15}}
{"event_type":"order_sent","timestamp":"2026-05-19T19:24:02.2119111+05:30","order_sent":{"request_id":"f60e875c-7bd0-4ab3-8c7e-e17a21cfe2f5","order_id":"","type":"LIMIT","symbol":"TSLA","side":"BUY","price":594.64,"quantity":27}}
{"event_type":"order_sent","timestamp":"2026-05-19T19:24:02.2119111+05:30","order_sent":{"request_id":"f49870a6-e96c-4d23-afe4-29f6372547ab","order_id":"","type":"MARKET","symbol":"AAPL","side":"SELL","quantity":21}}
{"event_type":"order_sent","timestamp":"2026-05-19T19:24:02.2119111+05:30","order_sent":{"request_id":"b6a93d65-2570-48ce-96ea-e4e0aaf9b6a0","order_id":"","type":"MARKET","symbol":"MSFT","side":"BUY","quantity":18}}
{"event_type":"order_sent","timestamp":"2026-05-19T19:24:02.2119111+05:30","order_sent":{"request_id":"5ea872e0-50d8-4564-8315-bb304e6db4f4","order_id":"","type":"MARKET","symbol":"AAPL","side":"SELL","quantity":8}}
{"event_type":"order_sent","timestamp":"2026-05-19T19:24:02.2119111+05:30","order_sent":{"request_id":"638f61a1-c92d-4888-aad9-0cf1eb6a7a73","order_id":"","type":"MARKET","symbol":"TSLA","side":"SELL","quantity":50}}
{"event_type":"order_sent","timestamp":"2026-05-19T19:24:02.2124881+05:30","order_sent":{"request_id":"44d0fe6e-0402-4570-a3f4-4ae4805db6ad","order_id":"","type":"LIMIT","symbol":"GOOG","side":"SELL","price":118.84,"quantity":52}}
{"event_type":"order_sent","timestamp":"2026-05-19T19:24:02.2124881+05:30","order_sent":{"request_id":"6fb061fa-861a-4cc2-9731-5e2c7ef4ed0d","order_id":"ord-1056181825527507383","type":"CANCEL","symbol":"","side":""}}
{"event_type":"order_sent","timestamp":"2026-05-19T19:24:02.2119111+05:30","order_sent":{"request_id":"23e2b789-bbe8-4d1f-8a78-1dc286c32326","order_id":"","type":"MARKET","symbol":"AMZN","side":"BUY","quantity":21}}
{"event_type":"order_sent","timestamp":"2026-05-19T19:24:02.2119111+05:30","order_sent":{"request_id":"bf93f3a3-36ed-4f54-ba10-e8c4d0db4c3d","order_id":"","type":"LIMIT","symbol":"GOOG","side":"BUY","price":131.15,"quantity":79}}
{"event_type":"order_sent","timestamp":"2026-05-19T19:24:02.2124881+05:30","order_sent":{"request_id":"5377495f-9413-4101-986c-5d1c0f0779bb","order_id":"","type":"MARKET","symbol":"MSFT","side":"BUY","quantity":27}}
{"event_type":"order_sent","timestamp":"2026-05-19T19:24:02.2124881+05:30","order_sent":{"request_id":"e7aa6fc8-118d-44f8-a736-902efb093834","order_id":"","type":"LIMIT","symbol":"AMZN","side":"SELL","price":177.58,"quantity":90}}
{"event_type":"order_sent","timestamp":"2026-05-19T19:24:02.2124881+05:30","order_sent":{"request_id":"b5f704ff-6459-4c44-9d41-b49f82909c4f","order_id":"","type":"LIMIT","symbol":"AAPL","side":"SELL","price":765.66,"quantity":61}}
{"event_type":"order_sent","timestamp":"2026-05-19T19:24:02.2124881+05:30","order_sent":{"request_id":"4472b9b8-8ca7-42e9-b920-bd529444a80f","order_id":"ord-8858463299575097014","type":"CANCEL","symbol":"","side":""}}
{"event_type":"order_sent","timestamp":"2026-05-19T19:24:02.2124881+05:30","order_sent":{"request_id":"28435d1c-a408-4813-baca-603af395a4e0","order_id":"","type":"LIMIT","symbol":"GOOG","side":"SELL","price":443.54,"quantity":80}}
{"event_type":"order_sent","timestamp":"2026-05-19T19:24:02.2124881+05:30","order_sent":{"request_id":"62eaf1eb-011c-4610-ad8f-e55bd8da2585","order_id":"","type":"LIMIT","symbol":"MSFT","side":"BUY","price":866.62,"quantity":75}}
{"event_type":"order_sent","timestamp":"2026-05-19T19:24:02.2124881+05:30","order_sent":{"request_id":"6aa0100f-77a0-482e-baf0-8338dcd273c3","order_id":"","type":"LIMIT","symbol":"MSFT","side":"BUY","price":486.84,"quantity":80}}
{"event_type":"order_sent","timestamp":"2026-05-19T19:24:02.2124881+05:30","order_sent":{"request_id":"ff7f1a52-cdfa-4435-8709-32cdf1b93043","order_id":"ord-3632469703491422623","type":"CANCEL","symbol":"","side":""}}
{"event_type":"order_sent","timestamp":"2026-05-19T19:24:02.2124881+05:30","order_sent":{"request_id":"06229359-bc8d-4f69-9a49-f44b7ba85e99","order_id":"","type":"LIMIT","symbol":"GOOG","side":"BUY","price":332.21,"quantity":82}}
{"event_type":"order_sent","timestamp":"2026-05-19T19:24:02.2124881+05:30","order_sent":{"request_id":"93249fd0-2db1-42c6-8ee6-41170a4c9f70","order_id":"","type":"LIMIT","symbol":"AMZN","side":"SELL","price":175.02,"quantity":99}}
{"event_type":"order_sent","timestamp":"2026-05-19T19:24:02.2124881+05:30","order_sent":{"request_id":"2ad03b1d-39ca-4184-8b39-2d5d548fb1e7","order_id":"","type":"LIMIT","symbol":"AAPL","side":"SELL","price":868.09,"quantity":6}}
{"event_type":"order_sent","timestamp":"2026-05-19T19:24:02.2124881+05:30","order_sent":{"request_id":"75b97ac5-f205-41a2-bfea-74acb803332f","order_id":"","type":"LIMIT","symbol":"AAPL","side":"SELL","price":947.6,"quantity":12}}
{"event_type":"order_sent","timestamp":"2026-05-19T19:24:02.2124881+05:30","order_sent":{"request_id":"7191cd83-9d5a-4b3b-ae6c-77b1fdedee24","order_id":"","type":"LIMIT","symbol":"TSLA","side":"BUY","price":695.56,"quantity":2}}
{"event_type":"order_sent","timestamp":"2026-05-19T19:24:02.2124881+05:30","order_sent":{"request_id":"b0f8a198-3ff3-4ae5-9f69-d8f287e8b765","order_id":"ord-3301842323646984516","type":"CANCEL","symbol":"","side":""}}
{"event_type":"order_sent","timestamp":"2026-05-19T19:24:02.2124881+05:30","order_sent":{"request_id":"6b92cdd5-b7ab-4aaa-84e4-ab7eb74b811f","order_id":"","type":"LIMIT","symbol":"TSLA","side":"SELL","price":293.41,"quantity":11}}
{"event_type":"order_sent","timestamp":"2026-05-19T19:24:02.2124881+05:30","order_sent":{"request_id":"9d742116-e7f4-45f3-ab28-8d4c4cd172d9","order_id":"","type":"LIMIT","symbol":"AAPL","side":"BUY","price":272.78,"quantity":18}}
{"event_type":"order_sent","timestamp":"2026-05-19T19:24:02.2124881+05:30","order_sent":{"request_id":"fcfe2dfa-c8e9-4375-b7eb-70043798d32c","order_id":"ord-102480384941318714","type":"CANCEL","symbol":"","side":""}}
{"event_type":"order_sent","timestamp":"2026-05-19T19:24:02.2124881+05:30","order_sent":{"request_id":"6835ec9c-d47c-4dfd-ad54-339f95ff76b4","order_id":"ord-7996550017336474929","type":"CANCEL","symbol":"","side":""}}
{"event_type":"order_sent","timestamp":"2026-05-19T19:24:02.2119111+05:30","order_sent":{"request_id":"c734d138-da4a-4cf2-be8a-9d3ae2bf8d84","order_id":"","type":"MARKET","symbol":"MSFT","side":"BUY","quantity":7}}
{"event_type":"order_sent","timestamp":"2026-05-19T19:24:02.2124881+05:30","order_sent":{"request_id":"b7da5447-0e5e-4f3f-9077-7780355b28b2","order_id":"","type":"MARKET","symbol":"TSLA","side":"SELL","quantity":48}}
{"event_type":"order_sent","timestamp":"2026-05-19T19:24:02.2124881+05:30","order_sent":{"request_id":"ad97d767-61a0-4d8e-8666-f6a678177e1f","order_id":"","type":"MARKET","symbol":"GOOG","side":"SELL","quantity":12}}
{"event_type":"order_sent","timestamp":"2026-05-19T19:24:02.2124881+05:30","order_sent":{"request_id":"a316bb65-bef1-4c28-813d-d9cec7ceb423","order_id":"","type":"MARKET","symbol":"AMZN","side":"BUY","quantity":42}}
{"event_type":"order_sent","timestamp":"2026-05-19T19:24:02.2124881+05:30","order_sent":{"request_id":"003a2e9d-87f8-400f-a763-9a84173f445d","order_id":"","type":"LIMIT","symbol":"GOOG","side":"SELL","price":177.35,"quantity":28}}
{"event_type":"order_sent","timestamp":"2026-05-19T19:24:02.2124881+05:30","order_sent":{"request_id":"0b0cdd83-a0d0-49b3-a2cb-891d97e0ad32","order_id":"ord-102517347661704153","type":"CANCEL","symbol":"","side":""}}
{"event_type":"order_sent","timestamp":"2026-05-19T19:24:02.2124881+05:30","order_sent":{"request_id":"924fb2d6-2237-41eb-bb68-a05295a09ae7","order_id":"","type":"MARKET","symbol":"GOOG","side":"SELL","quantity":42}}
{"event_type":"order_sent","timestamp":"2026-05-19T19:24:02.2124881+05:30","order_sent":{"request_id":"2e267926-219c-4c7e-848d-1741730c4766","order_id":"","type":"LIMIT","symbol":"GOOG","side":"BUY","price":273.02,"quantity":39}}
{"event_type":"order_sent","timestamp":"2026-05-19T19:24:02.2124881+05:30","order_sent":{"request_id":"06fdd245-56e5-42aa-b3ff-cb7afd6cddfe","order_id":"","type":"MARKET","symbol":"GOOG","side":"SELL","quantity":12}}
{"event_type":"order_sent","timestamp":"2026-05-19T19:24:02.2124881+05:30","order_sent":{"request_id":"21c5facf-b584-42c3-8782-843a6f38b95e","order_id":"","type":"LIMIT","symbol":"AMZN","side":"SELL","price":555.99,"quantity":57}}
{"event_type":"order_sent","timestamp":"2026-05-19T19:24:02.213026+05:30","order_sent":{"request_id":"3070dc03-18d0-4b9b-ba95-8a99c35830e1","order_id":"","type":"LIMIT","symbol":"AMZN","side":"BUY","price":542.38,"quantity":61}}
{"event_type":"order_sent","timestamp":"2026-05-19T19:24:02.213026+05:30","order_sent":{"request_id":"9d2e63ce-4bd3-4cc5-8e16-f76a4c477765","order_id":"","type":"LIMIT","symbol":"TSLA","side":"SELL","price":679.63,"quantity":85}}
{"event_type":"order_sent","timestamp":"2026-05-19T19:24:02.213026+05:30","order_sent":{"request_id":"93f5ae80-19c5-4a51-91f4-f1846fd9eca3","order_id":"ord-8935613499376819014","type":"CANCEL","symbol":"","side":""}}
{"event_type":"order_sent","timestamp":"2026-05-19T19:24:02.213026+05:30","order_sent":{"request_id":"d1e91467-76dd-4709-9d5a-a26ba856af89","order_id":"","type":"MARKET","symbol":"GOOG","side":"BUY","quantity":24}}
{"event_type":"order_sent","timestamp":"2026-05-19T19:24:02.213026+05:30","order_sent":{"request_id":"b97daac5-6190-4bc4-a70e-da5a86282455","order_id":"ord-471128592810966303","type":"CANCEL","symbol":"","side":""}}
{"event_type":"order_sent","timestamp":"2026-05-19T19:24:02.213026+05:30","order_sent":{"request_id":"d9c0063c-594a-4643-8b00-024483351663","order_id":"","type":"LIMIT","symbol":"GOOG","side":"SELL","price":262.82,"quantity":87}}
{"event_type":"order_sent","timestamp":"2026-05-19T19:24:02.2135612+05:30","order_sent":{"request_id":"9f6fc5a0-0534-45ca-b35d-045ed50b2121","order_id":"","type":"MARKET","symbol":"AMZN","side":"SELL","quantity":10}}
{"event_type":"order_sent","timestamp":"2026-05-19T19:24:02.213026+05:30","order_sent":{"request_id":"faa0a739-067c-4740-b9de-18c867e631ad","order_id":"","type":"LIMIT","symbol":"AMZN","side":"SELL","price":862.89,"quantity":16}}
{"event_type":"order_sent","timestamp":"2026-05-19T19:24:02.2135612+05:30","order_sent":{"request_id":"b35dcc02-cad1-4a77-a6b8-c7a76c44e5bb","order_id":"","type":"LIMIT","symbol":"TSLA","side":"BUY","price":537.12,"quantity":67}}
{"event_type":"order_sent","timestamp":"2026-05-19T19:24:02.2135612+05:30","order_sent":{"request_id":"35c4e3fa-ba99-4225-addc-2c1d640bb205","order_id":"","type":"MARKET","symbol":"AMZN","side":"SELL","quantity":22}}
{"event_type":"order_sent","timestamp":"2026-05-19T19:24:02.2135612+05:30","order_sent":{"request_id":"0b400e75-28af-450f-badd-1c07780e44ff","order_id":"","type":"MARKET","symbol":"TSLA","side":"SELL","quantity":46}}
{"event_type":"order_sent","timestamp":"2026-05-19T19:24:02.2135612+05:30","order_sent":{"request_id":"f6208ab9-0cde-4946-a0c0-ed7c1c4e5adc","order_id":"ord-1778421101930511262","type":"CANCEL","symbol":"","side":""}}
{"event_type":"order_sent","timestamp":"2026-05-19T19:24:02.213026+05:30","order_sent":{"request_id":"99170aa6-2ab7-4877-8077-e99674db4249","order_id":"","type":"LIMIT","symbol":"AMZN","side":"SELL","price":124.96,"quantity":9}}
{"event_type":"order_sent","timestamp":"2026-05-19T19:24:02.2135612+05:30","order_sent":{"request_id":"55616237-c22b-4332-8fda-0df328770d7b","order_id":"","type":"LIMIT","symbol":"AAPL","side":"BUY","price":641.6,"quantity":84}}
{"event_type":"order_sent","timestamp":"2026-05-19T19:24:02.2135612+05:30","order_sent":{"request_id":"5f660991-1d90-4b6b-84c7-67325980c043","order_id":"","type":"MARKET","symbol":"GOOG","side":"SELL","quantity":44}}
{"event_type":"order_sent","timestamp":"2026-05-19T19:24:02.213026+05:30","order_sent":{"request_id":"9888a314-cefd-4e1f-a2de-94030c5d2608","order_id":"ord-7710628282224138296","type":"CANCEL","symbol":"","side":""}}
{"event_type":"order_sent","timestamp":"2026-05-19T19:24:02.2135612+05:30","order_sent":{"request_id":"2e79b810-53b1-43b5-86fa-1fa2df0317e1","order_id":"","type":"MARKET","symbol":"AAPL","side":"BUY","quantity":19}}
{"event_type":"order_sent","timestamp":"2026-05-19T19:24:02.213026+05:30","order_sent":{"request_id":"2e8d8e74-5fdc-477d-861d-be11a6eb5b3d","order_id":"","type":"LIMIT","symbol":"TSLA","side":"BUY","price":220.11,"quantity":75}}
{"event_type":"order_acked","timestamp":"2026-05-19T19:24:02.2313803+05:30","order_acked":{"request_id":"fd1524a1-a335-4179-9069-11c62f4d1d1a","status_code":200}}
{"event_type":"order_acked","timestamp":"2026-05-19T19:24:02.2346221+05:30","order_acked":{"request_id":"80cc4082-182c-4258-9284-eab22e9209a4","status_code":200}}
{"event_type":"order_acked","timestamp":"2026-05-19T19:24:02.2537213+05:30","order_acked":{"request_id":"0b918326-36c8-4383-bdb9-29a302908c44","status_code":201}}
{"event_type":"order_acked","timestamp":"2026-05-19T19:24:02.2611429+05:30","order_acked":{"request_id":"cb07c72b-1621-4cc9-9430-e0ac5ed73f30","status_code":201}}
{"event_type":"execution_report","timestamp":"2026-05-19T19:24:02.2628726+05:30","execution":{"order_id":"eecff333-33ff-4249-9744-62e6af7ad6b9","symbol":"MSFT","side":"SELL","status":"filled","filled_qty":5,"leaves_qty":0,"price":189.71,"timestamp":"2026-05-19T13:54:02Z","match_id":"39becc5e-e0ad-4d90-bfa2-b13d479c2744"}}
{"event_type":"order_acked","timestamp":"2026-05-19T19:24:02.2667513+05:30","order_acked":{"request_id":"d249a334-72e1-41a0-84b8-7da1e549ea5d","status_code":201}}
{"event_type":"order_acked","timestamp":"2026-05-19T19:24:02.2667513+05:30","order_acked":{"request_id":"00a772dc-bf7e-4253-bd44-f3a312af9257","status_code":201}}
{"event_type":"execution_report","timestamp":"2026-05-19T19:24:02.2672912+05:30","execution":{"order_id":"f9bbc60b-466f-4606-a81b-596c9bfa1dc7","symbol":"TSLA","side":"SELL","status":"filled","filled_qty":33,"leaves_qty":0,"price":200.66,"timestamp":"2026-05-19T13:54:02Z","match_id":"0f2b4348-3646-4885-bcdf-02c1bf1464f1"}}
{"event_type":"execution_report","timestamp":"2026-05-19T19:24:02.2678442+05:30","execution":{"order_id":"2f161144-7a64-4314-be2a-fc662f6c0a81","symbol":"GOOG","side":"BUY","status":"filled","filled_qty":86,"leaves_qty":0,"price":476.03,"timestamp":"2026-05-19T13:54:02Z","match_id":"a41e2053-ab39-46b5-9cc0-7775bf546573"}}
{"event_type":"order_acked","timestamp":"2026-05-19T19:24:02.2727371+05:30","order_acked":{"request_id":"388ae969-06bd-4ce9-8fb2-6ff8fbe12cfb","status_code":201}}
{"event_type":"order_acked","timestamp":"2026-05-19T19:24:02.2737965+05:30","order_acked":{"request_id":"d085971c-1606-4387-8f68-c3954f87987d","status_code":200}}
{"event_type":"execution_report","timestamp":"2026-05-19T19:24:02.279298+05:30","execution":{"order_id":"179e4d26-8936-4fa9-badf-69daed476260","symbol":"AAPL","side":"BUY","status":"filled","filled_qty":75,"leaves_qty":0,"price":440.23,"timestamp":"2026-05-19T13:54:02Z","match_id":"0a6a0f3f-21fe-4f34-a689-3dadd82c1a5c"}}
{"event_type":"order_acked","timestamp":"2026-05-19T19:24:02.2832165+05:30","order_acked":{"request_id":"797ec860-f534-43bf-bd20-a477cdea54d3","status_code":201}}
{"event_type":"order_acked","timestamp":"2026-05-19T19:24:02.2853833+05:30","order_acked":{"request_id":"5eb30248-a79a-4025-b366-9dee7bbdd4ec","status_code":201}}
{"event_type":"order_acked","timestamp":"2026-05-19T19:24:02.2865281+05:30","order_acked":{"request_id":"2a640524-e313-4356-b12d-265186439437","status_code":200}}
{"event_type":"execution_report","timestamp":"2026-05-19T19:24:02.2865281+05:30","execution":{"order_id":"11aa8810-b5ab-4ee7-b7d4-3db271790404","symbol":"AAPL","side":"SELL","status":"filled","filled_qty":41,"leaves_qty":0,"price":833.87,"timestamp":"2026-05-19T13:54:02Z","match_id":"21696697-04c5-4980-95ed-5ccd8430d545"}}
{"event_type":"order_acked","timestamp":"2026-05-19T19:24:02.2902195+05:30","order_acked":{"request_id":"292014ed-9c59-4ae3-b04b-d8dfb0d5fd59","status_code":201}}
{"event_type":"order_acked","timestamp":"2026-05-19T19:24:02.2918183+05:30","order_acked":{"request_id":"1f387f45-a1ec-4b7f-ae3f-43569909e92f","status_code":201}}
{"event_type":"execution_report","timestamp":"2026-05-19T19:24:02.2940497+05:30","execution":{"order_id":"3606e44e-e391-4643-a2a4-41f0dd49076e","symbol":"MSFT","side":"SELL","status":"filled","filled_qty":74,"leaves_qty":0,"price":454.07,"timestamp":"2026-05-19T13:54:02Z","match_id":"ca8dbc31-ac6e-48e0-a4cc-f6fba92b72ae"}}
{"event_type":"order_acked","timestamp":"2026-05-19T19:24:02.2956874+05:30","order_acked":{"request_id":"4033581a-525d-47ff-9967-5db3301dd64b","status_code":201}}
{"event_type":"order_acked","timestamp":"2026-05-19T19:24:02.3028886+05:30","order_acked":{"request_id":"f932fc06-8484-4b70-8275-842f5065bfb8","status_code":201}}
{"event_type":"order_acked","timestamp":"2026-05-19T19:24:02.3121174+05:30","order_acked":{"request_id":"be1c0512-b8a5-420f-9469-0bdfb7388dfc","status_code":200}}
{"event_type":"order_acked","timestamp":"2026-05-19T19:24:02.3138162+05:30","order_acked":{"request_id":"3dd7716c-d668-4998-90de-d7c227f71693","status_code":201}}
{"event_type":"order_acked","timestamp":"2026-05-19T19:24:02.3144058+05:30","order_acked":{"request_id":"577931c3-be31-4384-8192-7a284921b92f","status_code":201}}
{"event_type":"order_acked","timestamp":"2026-05-19T19:24:02.3160716+05:30","order_acked":{"request_id":"a67daf89-c408-4250-8b47-63ada00681eb","status_code":200}}
{"event_type":"order_acked","timestamp":"2026-05-19T19:24:02.3177374+05:30","order_acked":{"request_id":"94febb8d-0b97-40fe-98f4-ca4954aaf3fa","status_code":201}}
{"event_type":"execution_report","timestamp":"2026-05-19T19:24:02.3182965+05:30","execution":{"order_id":"f709f530-d6fd-4e3c-9a58-58b08848f59e","symbol":"TSLA","side":"SELL","status":"filled","filled_qty":47,"leaves_qty":0,"price":308.78,"timestamp":"2026-05-19T13:54:02Z","match_id":"0f367ce8-9f18-4bfc-b96c-00faa5748f86"}}
{"event_type":"order_acked","timestamp":"2026-05-19T19:24:02.3257214+05:30","order_acked":{"request_id":"81aba0d6-d9e8-486f-aa02-4a7341131ca1","status_code":201}}
{"event_type":"execution_report","timestamp":"2026-05-19T19:24:02.3263504+05:30","execution":{"order_id":"cf4459a7-6eb4-4e34-afc5-fbec716035b7","symbol":"TSLA","side":"SELL","status":"filled","filled_qty":96,"leaves_qty":0,"price":787.47,"timestamp":"2026-05-19T13:54:02Z","match_id":"75c37294-98b7-4167-a415-8660188b2f53"}}
{"event_type":"execution_report","timestamp":"2026-05-19T19:24:02.3269467+05:30","execution":{"order_id":"26c54c25-efca-4735-8845-5639610927e8","symbol":"TSLA","side":"BUY","status":"filled","filled_qty":19,"leaves_qty":0,"price":989.42,"timestamp":"2026-05-19T13:54:02Z","match_id":"af043b9e-f1fe-4688-9324-81bb321922a8"}}
{"event_type":"execution_report","timestamp":"2026-05-19T19:24:02.3286121+05:30","execution":{"order_id":"241a29bd-1336-4abe-a4be-5af076a20b6b","symbol":"MSFT","side":"SELL","status":"filled","filled_qty":71,"leaves_qty":0,"price":427.01,"timestamp":"2026-05-19T13:54:02Z","match_id":"68c6db3e-edad-4310-aa74-4e9a12f4f104"}}
{"event_type":"execution_report","timestamp":"2026-05-19T19:24:02.3293357+05:30","execution":{"order_id":"41e6f069-7914-409a-a192-ca75871c67eb","symbol":"TSLA","side":"SELL","status":"filled","filled_qty":17,"leaves_qty":0,"price":216.65,"timestamp":"2026-05-19T13:54:02Z","match_id":"0b166cac-5ec4-44a2-911b-dfd4b8bfa61f"}}
{"event_type":"order_acked","timestamp":"2026-05-19T19:24:02.331572+05:30","order_acked":{"request_id":"9561630e-9c72-451d-a7ca-1e96127c970d","status_code":201}}
{"event_type":"order_acked","timestamp":"2026-05-19T19:24:02.336013+05:30","order_acked":{"request_id":"6bafa0e3-1ea6-4c5e-8cb1-33f081a8d324","status_code":201}}
{"event_type":"order_acked","timestamp":"2026-05-19T19:24:02.3388136+05:30","order_acked":{"request_id":"a161d8e3-0e70-4b28-923d-0fc603e89fa6","status_code":201}}
{"event_type":"order_acked","timestamp":"2026-05-19T19:24:02.3410669+05:30","order_acked":{"request_id":"57c20190-df32-4e09-815b-be6f72b681b7","status_code":200}}
{"event_type":"execution_report","timestamp":"2026-05-19T19:24:02.3440357+05:30","execution":{"order_id":"3f0d0df0-7d05-4389-9339-faf58531811b","symbol":"MSFT","side":"SELL","status":"filled","filled_qty":15,"leaves_qty":0,"price":529.85,"timestamp":"2026-05-19T13:54:02Z","match_id":"44e98184-6409-44ef-bb9e-b9ed579ad4ca"}}
{"event_type":"order_acked","timestamp":"2026-05-19T19:24:02.3445761+05:30","order_acked":{"request_id":"20683097-171c-41a3-bf5e-9b4f500f1619","status_code":201}}
{"event_type":"execution_report","timestamp":"2026-05-19T19:24:02.3468315+05:30","execution":{"order_id":"13cd7798-96b8-4d18-87d0-39b6f0111309","symbol":"AAPL","side":"SELL","status":"filled","filled_qty":9,"leaves_qty":0,"price":953.06,"timestamp":"2026-05-19T13:54:02Z","match_id":"fe677097-f289-4839-9ab9-aa60427aa629"}}
{"event_type":"execution_report","timestamp":"2026-05-19T19:24:02.3603977+05:30","execution":{"order_id":"32f04cc8-acf5-4680-8fae-5a029e147966","symbol":"AMZN","side":"BUY","status":"filled","filled_qty":3,"leaves_qty":0,"price":729,"timestamp":"2026-05-19T13:54:02Z","match_id":"9b1d6850-f2a0-4c4c-bde7-15385bed6ec2"}}
{"event_type":"order_acked","timestamp":"2026-05-19T19:24:02.3614087+05:30","order_acked":{"request_id":"c66fd441-4e29-414b-a766-189409638fb5","status_code":200}}
{"event_type":"order_acked","timestamp":"2026-05-19T19:24:02.3644823+05:30","order_acked":{"request_id":"4141a5a9-5390-410d-b5c3-ab200ecd2427","status_code":201}}
{"event_type":"execution_report","timestamp":"2026-05-19T19:24:02.3756871+05:30","execution":{"order_id":"db8d4bc7-a9da-4ac9-998c-ec235842129a","symbol":"MSFT","side":"BUY","status":"filled","filled_qty":51,"leaves_qty":0,"price":844.39,"timestamp":"2026-05-19T13:54:02Z","match_id":"39f345d5-ba18-4566-ba35-c020deb343b9"}}
{"event_type":"order_acked","timestamp":"2026-05-19T19:24:02.3800702+05:30","order_acked":{"request_id":"6b92cdd5-b7ab-4aaa-84e4-ab7eb74b811f","status_code":201}}
{"event_type":"order_acked","timestamp":"2026-05-19T19:24:02.3838992+05:30","order_acked":{"request_id":"5b8dc3b2-1d1c-4407-89db-fe8c24a6ba2a","status_code":200}}
{"event_type":"order_acked","timestamp":"2026-05-19T19:24:02.3848024+05:30","order_acked":{"request_id":"d840a1f4-1e2a-4173-a139-edef1f76ed63","status_code":201}}
{"event_type":"execution_report","timestamp":"2026-05-19T19:24:02.3866372+05:30","execution":{"order_id":"4e539b99-d55f-49f6-8408-4ca45ec2329f","symbol":"TSLA","side":"SELL","status":"filled","filled_qty":11,"leaves_qty":0,"price":293.41,"timestamp":"2026-05-19T13:54:02Z","match_id":"e4faa507-0936-49ec-99fe-b486c0cb56e0"}}
{"event_type":"execution_report","timestamp":"2026-05-19T19:24:02.3911741+05:30","execution":{"order_id":"4b44ebcd-1a4a-4457-9cf7-5af312f0b68e","symbol":"AAPL","side":"BUY","status":"filled","filled_qty":81,"leaves_qty":0,"price":962,"timestamp":"2026-05-19T13:54:02Z","match_id":"8ecc87c4-dd05-4253-8d4e-e67bf15811ec"}}
{"event_type":"order_acked","timestamp":"2026-05-19T19:24:02.3968948+05:30","order_acked":{"request_id":"c58e14c7-331f-4d59-9b37-66a1854c4667","status_code":201}}
{"event_type":"execution_report","timestamp":"2026-05-19T19:24:02.4007558+05:30","execution":{"order_id":"7d335f71-4607-4b2c-b13a-aa69f1445f3c","symbol":"MSFT","side":"SELL","status":"filled","filled_qty":73,"leaves_qty":0,"price":366.93,"timestamp":"2026-05-19T13:54:02Z","match_id":"3f3ac600-447d-49a3-9d58-6dcbd830b36d"}}
{"event_type":"order_acked","timestamp":"2026-05-19T19:24:02.4027792+05:30","order_acked":{"request_id":"c2974176-4740-45d4-9bdd-77ffdabb240c","status_code":201}}
{"event_type":"order_acked","timestamp":"2026-05-19T19:24:02.4043045+05:30","order_acked":{"request_id":"70e428e9-5b9f-4e6f-9843-db8914c23729","status_code":201}}
{"event_type":"execution_report","timestamp":"2026-05-19T19:24:02.4072826+05:30","execution":{"order_id":"44111222-ef90-491b-8824-3cd956cf1d52","symbol":"AMZN","side":"BUY","status":"filled","filled_qty":76,"leaves_qty":0,"price":716.12,"timestamp":"2026-05-19T13:54:02Z","match_id":"3aa0d92f-1fab-455d-9b4d-d362ca6933fb"}}
{"event_type":"order_acked","timestamp":"2026-05-19T19:24:02.4121087+05:30","order_acked":{"request_id":"8ae2859f-3c90-4425-afff-273601c158fc","status_code":200}}
{"event_type":"execution_report","timestamp":"2026-05-19T19:24:02.4237562+05:30","execution":{"order_id":"245f619f-52a4-40af-acae-a8c6dc1af3c0","symbol":"AMZN","side":"SELL","status":"filled","filled_qty":99,"leaves_qty":0,"price":175.02,"timestamp":"2026-05-19T13:54:02Z","match_id":"7ebfddf3-bad8-4f2f-9369-7a5dadf4896e"}}
{"event_type":"order_acked","timestamp":"2026-05-19T19:24:02.4316659+05:30","order_acked":{"request_id":"93249fd0-2db1-42c6-8ee6-41170a4c9f70","status_code":201}}
{"event_type":"order_acked","timestamp":"2026-05-19T19:24:02.4338142+05:30","order_acked":{"request_id":"4472b9b8-8ca7-42e9-b920-bd529444a80f","status_code":200}}
{"event_type":"order_acked","timestamp":"2026-05-19T19:24:02.4361127+05:30","order_acked":{"request_id":"0456b8f3-b364-4ee2-8175-da3652105a9c","status_code":200}}
{"event_type":"order_acked","timestamp":"2026-05-19T19:24:02.4388388+05:30","order_acked":{"request_id":"638f61a1-c92d-4888-aad9-0cf1eb6a7a73","status_code":201}}
{"event_type":"order_acked","timestamp":"2026-05-19T19:24:02.442554+05:30","order_acked":{"request_id":"eadb7506-f00a-45af-afe0-28a1ebdea232","status_code":201}}
{"event_type":"execution_report","timestamp":"2026-05-19T19:24:02.444098+05:30","execution":{"order_id":"f5847b96-7dfa-424c-83a7-8a680f9e32d1","symbol":"GOOG","side":"BUY","status":"filled","filled_qty":67,"leaves_qty":0,"price":809.86,"timestamp":"2026-05-19T13:54:02Z","match_id":"5406dbe6-38ce-4518-b533-67a9237a2324"}}
{"event_type":"order_acked","timestamp":"2026-05-19T19:24:02.4453842+05:30","order_acked":{"request_id":"f49870a6-e96c-4d23-afe4-29f6372547ab","status_code":201}}
{"event_type":"execution_report","timestamp":"2026-05-19T19:24:02.4473083+05:30","execution":{"order_id":"f38c286e-83c3-4937-a880-d64e238bb7c5","symbol":"GOOG","side":"BUY","status":"filled","filled_qty":48,"leaves_qty":0,"price":964.39,"timestamp":"2026-05-19T13:54:02Z","match_id":"81f033dd-c1aa-4f47-b95b-5206d30b2787"}}
{"event_type":"execution_report","timestamp":"2026-05-19T19:24:02.4478403+05:30","execution":{"order_id":"1fab0156-8518-4091-9cb6-5afe691372fb","symbol":"MSFT","side":"SELL","status":"filled","filled_qty":65,"leaves_qty":0,"price":410.74,"timestamp":"2026-05-19T13:54:02Z","match_id":"d77032e3-3ec3-48b3-baff-89878ea3897a"}}
{"event_type":"order_acked","timestamp":"2026-05-19T19:24:02.449614+05:30","order_acked":{"request_id":"6e33f45d-0ed6-4965-90bb-b4debd377680","status_code":201}}
{"event_type":"order_acked","timestamp":"2026-05-19T19:24:02.4517295+05:30","order_acked":{"request_id":"cd66690e-2a74-4d85-b8a6-7e604eaa40cf","status_code":201}}
{"event_type":"order_acked","timestamp":"2026-05-19T19:24:02.4546852+05:30","order_acked":{"request_id":"28435d1c-a408-4813-baca-603af395a4e0","status_code":201}}
{"event_type":"order_acked","timestamp":"2026-05-19T19:24:02.4564599+05:30","order_acked":{"request_id":"7191cd83-9d5a-4b3b-ae6c-77b1fdedee24","status_code":201}}
{"event_type":"order_acked","timestamp":"2026-05-19T19:24:02.4600809+05:30","order_acked":{"request_id":"df3e67aa-8709-4645-93f2-10ef846a99fb","status_code":200}}
{"event_type":"execution_report","timestamp":"2026-05-19T19:24:02.4632059+05:30","execution":{"order_id":"f6538c88-d0fd-4d6e-9963-cd18ef3d5794","symbol":"GOOG","side":"SELL","status":"filled","filled_qty":80,"leaves_qty":0,"price":443.54,"timestamp":"2026-05-19T13:54:02Z","match_id":"b29e1010-eb1c-49ba-bc56-3dcf5fbe8c55"}}
{"event_type":"order_acked","timestamp":"2026-05-19T19:24:02.464929+05:30","order_acked":{"request_id":"b5f704ff-6459-4c44-9d41-b49f82909c4f","status_code":201}}
{"event_type":"execution_report","timestamp":"2026-05-19T19:24:02.4657633+05:30","execution":{"order_id":"e5cd35ee-436c-4750-a6cc-fca26a4c518d","symbol":"TSLA","side":"BUY","status":"filled","filled_qty":2,"leaves_qty":0,"price":695.56,"timestamp":"2026-05-19T13:54:02Z","match_id":"0108dd15-14c2-434a-9d52-3185d242317c"}}
{"event_type":"order_acked","timestamp":"2026-05-19T19:24:02.4684288+05:30","order_acked":{"request_id":"5ea872e0-50d8-4564-8315-bb304e6db4f4","status_code":201}}
{"event_type":"execution_report","timestamp":"2026-05-19T19:24:02.4695058+05:30","execution":{"order_id":"816a1e0b-d26e-4019-af37-dcd92a391dc7","symbol":"AAPL","side":"SELL","status":"filled","filled_qty":61,"leaves_qty":0,"price":765.66,"timestamp":"2026-05-19T13:54:02Z","match_id":"695820be-fa74-4b57-acd2-4dd88ea18583"}}
{"event_type":"order_acked","timestamp":"2026-05-19T19:24:02.4758658+05:30","order_acked":{"request_id":"5c5e4caa-ef1f-4eaa-8513-2d182f11acb3","status_code":200}}
{"event_type":"order_acked","timestamp":"2026-05-19T19:24:02.477503+05:30","order_acked":{"request_id":"c65af2a9-969b-4876-adfc-18ca3442f0ca","status_code":201}}
{"event_type":"order_acked","timestamp":"2026-05-19T19:24:02.4799255+05:30","order_acked":{"request_id":"e7aa6fc8-118d-44f8-a736-902efb093834","status_code":201}}
{"event_type":"order_acked","timestamp":"2026-05-19T19:24:02.4810614+05:30","order_acked":{"request_id":"bf93f3a3-36ed-4f54-ba10-e8c4d0db4c3d","status_code":201}}
{"event_type":"order_acked","timestamp":"2026-05-19T19:24:02.4827198+05:30","order_acked":{"request_id":"ff7f1a52-cdfa-4435-8709-32cdf1b93043","status_code":200}}
{"event_type":"execution_report","timestamp":"2026-05-19T19:24:02.4838528+05:30","execution":{"order_id":"f6e574b0-1a85-4d8b-8f05-36585cf150ca","symbol":"MSFT","side":"BUY","status":"filled","filled_qty":14,"leaves_qty":0,"price":529.69,"timestamp":"2026-05-19T13:54:02Z","match_id":"1bd20d38-eedb-4308-9d71-b30e4c6d9f0e"}}
{"event_type":"execution_report","timestamp":"2026-05-19T19:24:02.4849995+05:30","execution":{"order_id":"541d7d65-622a-4eac-94d2-7b892579cc86","symbol":"AMZN","side":"SELL","status":"filled","filled_qty":90,"leaves_qty":0,"price":177.58,"timestamp":"2026-05-19T13:54:02Z","match_id":"630bc643-886d-4f03-8346-001dcccc58f7"}}
{"event_type":"execution_report","timestamp":"2026-05-19T19:24:02.4866283+05:30","execution":{"order_id":"1b65eb82-4e86-47bd-bff4-5fc2e913613d","symbol":"GOOG","side":"BUY","status":"filled","filled_qty":79,"leaves_qty":0,"price":131.15,"timestamp":"2026-05-19T13:54:02Z","match_id":"ef73c6af-2ad9-47bf-878d-1ea4da398217"}}
{"event_type":"order_acked","timestamp":"2026-05-19T19:24:02.4888255+05:30","order_acked":{"request_id":"44d0fe6e-0402-4570-a3f4-4ae4805db6ad","status_code":201}}
{"event_type":"order_acked","timestamp":"2026-05-19T19:24:02.4926397+05:30","order_acked":{"request_id":"2e8d8e74-5fdc-477d-861d-be11a6eb5b3d","status_code":201}}
{"event_type":"execution_report","timestamp":"2026-05-19T19:24:02.4932096+05:30","execution":{"order_id":"dc1a639e-a019-4b07-9aaf-64c9c6d77e0c","symbol":"GOOG","side":"SELL","status":"filled","filled_qty":52,"leaves_qty":0,"price":118.84,"timestamp":"2026-05-19T13:54:02Z","match_id":"6ea078d7-fc1c-4da7-b5da-9fa1313fd90b"}}
{"event_type":"order_acked","timestamp":"2026-05-19T19:24:02.4960679+05:30","order_acked":{"request_id":"9d2e63ce-4bd3-4cc5-8e16-f76a4c477765","status_code":201}}
{"event_type":"order_acked","timestamp":"2026-05-19T19:24:02.4988947+05:30","order_acked":{"request_id":"35c4e3fa-ba99-4225-addc-2c1d640bb205","status_code":201}}
{"event_type":"execution_report","timestamp":"2026-05-19T19:24:02.5000294+05:30","execution":{"order_id":"065e65f4-937e-42c5-b591-77302eb946e3","symbol":"TSLA","side":"BUY","status":"filled","filled_qty":75,"leaves_qty":0,"price":220.11,"timestamp":"2026-05-19T13:54:02Z","match_id":"4bd448a3-f2c4-41eb-9764-f08c443a4f59"}}
{"event_type":"order_acked","timestamp":"2026-05-19T19:24:02.5017267+05:30","order_acked":{"request_id":"75b97ac5-f205-41a2-bfea-74acb803332f","status_code":201}}
{"event_type":"order_acked","timestamp":"2026-05-19T19:24:02.5059376+05:30","order_acked":{"request_id":"5d91359c-e0d9-4579-b7fc-ba0c0f2c0850","status_code":201}}
{"event_type":"execution_report","timestamp":"2026-05-19T19:24:02.5065734+05:30","execution":{"order_id":"80f4e651-b04b-4839-aa7c-3dc6b690f3f0","symbol":"TSLA","side":"SELL","status":"filled","filled_qty":85,"leaves_qty":0,"price":679.63,"timestamp":"2026-05-19T13:54:02Z","match_id":"8d649da0-b042-479e-8e1c-75eb894a1c12"}}
{"event_type":"execution_report","timestamp":"2026-05-19T19:24:02.5078236+05:30","execution":{"order_id":"12a71065-fa4c-4a95-a085-2cf7c145a767","symbol":"AAPL","side":"SELL","status":"filled","filled_qty":12,"leaves_qty":0,"price":947.6,"timestamp":"2026-05-19T13:54:02Z","match_id":"14707197-0e16-4260-8a38-eb99d6f5f83e"}}
{"event_type":"execution_report","timestamp":"2026-05-19T19:24:02.5078236+05:30","execution":{"order_id":"40214153-076b-4a13-bf55-740aa1c6da37","symbol":"TSLA","side":"BUY","status":"filled","filled_qty":51,"leaves_qty":0,"price":714.01,"timestamp":"2026-05-19T13:54:02Z","match_id":"b9982129-2d92-45b3-9222-443535864413"}}
{"event_type":"order_acked","timestamp":"2026-05-19T19:24:02.5125269+05:30","order_acked":{"request_id":"b7da5447-0e5e-4f3f-9077-7780355b28b2","status_code":201}}
{"event_type":"order_acked","timestamp":"2026-05-19T19:24:02.5171249+05:30","order_acked":{"request_id":"003a2e9d-87f8-400f-a763-9a84173f445d","status_code":201}}
{"event_type":"order_acked","timestamp":"2026-05-19T19:24:02.519804+05:30","order_acked":{"request_id":"0b0cdd83-a0d0-49b3-a2cb-891d97e0ad32","status_code":200}}
{"event_type":"execution_report","timestamp":"2026-05-19T19:24:02.5209218+05:30","execution":{"order_id":"c756c4d8-d9db-44ec-baa3-716e67aeeac3","symbol":"GOOG","side":"SELL","status":"filled","filled_qty":28,"leaves_qty":0,"price":177.35,"timestamp":"2026-05-19T13:54:02Z","match_id":"4d5e676c-7ded-4c72-9611-9cec0665730f"}}
{"event_type":"order_acked","timestamp":"2026-05-19T19:24:02.5231237+05:30","order_acked":{"request_id":"93f5ae80-19c5-4a51-91f4-f1846fd9eca3","status_code":200}}
{"event_type":"order_acked","timestamp":"2026-05-19T19:24:02.5265566+05:30","order_acked":{"request_id":"06229359-bc8d-4f69-9a49-f44b7ba85e99","status_code":201}}
{"event_type":"order_acked","timestamp":"2026-05-19T19:24:02.5312041+05:30","order_acked":{"request_id":"6835ec9c-d47c-4dfd-ad54-339f95ff76b4","status_code":200}}
{"event_type":"execution_report","timestamp":"2026-05-19T19:24:02.5317526+05:30","execution":{"order_id":"7acb1917-13bb-419c-93eb-04270bf2890d","symbol":"GOOG","side":"BUY","status":"filled","filled_qty":82,"leaves_qty":0,"price":332.21,"timestamp":"2026-05-19T13:54:02Z","match_id":"1db33b1a-dc8d-4057-b072-a4eeb4f75bc6"}}
{"event_type":"order_acked","timestamp":"2026-05-19T19:24:02.5336897+05:30","order_acked":{"request_id":"a316bb65-bef1-4c28-813d-d9cec7ceb423","status_code":201}}
{"event_type":"order_acked","timestamp":"2026-05-19T19:24:02.5369744+05:30","order_acked":{"request_id":"f60e875c-7bd0-4ab3-8c7e-e17a21cfe2f5","status_code":201}}
{"event_type":"order_acked","timestamp":"2026-05-19T19:24:02.5385704+05:30","order_acked":{"request_id":"b0f8a198-3ff3-4ae5-9f69-d8f287e8b765","status_code":200}}
{"event_type":"order_acked","timestamp":"2026-05-19T19:24:02.5407393+05:30","order_acked":{"request_id":"5377495f-9413-4101-986c-5d1c0f0779bb","status_code":201}}
{"event_type":"order_acked","timestamp":"2026-05-19T19:24:02.5435253+05:30","order_acked":{"request_id":"0b400e75-28af-450f-badd-1c07780e44ff","status_code":201}}
{"event_type":"order_acked","timestamp":"2026-05-19T19:24:02.5440608+05:30","order_acked":{"request_id":"62eaf1eb-011c-4610-ad8f-e55bd8da2585","status_code":201}}
{"event_type":"execution_report","timestamp":"2026-05-19T19:24:02.5446305+05:30","execution":{"order_id":"74c76ae8-e5a3-43e8-b378-0716defedfaf","symbol":"TSLA","side":"BUY","status":"filled","filled_qty":27,"leaves_qty":0,"price":594.64,"timestamp":"2026-05-19T13:54:02Z","match_id":"07114075-0061-45f0-871e-32bc1a2f4028"}}
{"event_type":"order_acked","timestamp":"2026-05-19T19:24:02.5480227+05:30","order_acked":{"request_id":"fcfe2dfa-c8e9-4375-b7eb-70043798d32c","status_code":200}}
{"event_type":"execution_report","timestamp":"2026-05-19T19:24:02.5503309+05:30","execution":{"order_id":"9393d5b4-79ba-419a-b947-1df0a12c810e","symbol":"MSFT","side":"BUY","status":"filled","filled_qty":75,"leaves_qty":0,"price":866.62,"timestamp":"2026-05-19T13:54:02Z","match_id":"234b9ac9-d8ab-4dc1-b8f8-09ccc7982bed"}}
{"event_type":"order_acked","timestamp":"2026-05-19T19:24:02.5519624+05:30","order_acked":{"request_id":"ad97d767-61a0-4d8e-8666-f6a678177e1f","status_code":201}}
{"event_type":"order_acked","timestamp":"2026-05-19T19:24:02.5547708+05:30","order_acked":{"request_id":"2ad03b1d-39ca-4184-8b39-2d5d548fb1e7","status_code":201}}
{"event_type":"order_acked","timestamp":"2026-05-19T19:24:02.5565183+05:30","order_acked":{"request_id":"23e2b789-bbe8-4d1f-8a78-1dc286c32326","status_code":201}}
{"event_type":"order_acked","timestamp":"2026-05-19T19:24:02.5593551+05:30","order_acked":{"request_id":"bd981f39-c8fd-46de-8d89-23e8efccef5d","status_code":201}}
{"event_type":"execution_report","timestamp":"2026-05-19T19:24:02.5616213+05:30","execution":{"order_id":"0e2884c7-2936-43b3-8c75-2ebcc5f71144","symbol":"AAPL","side":"SELL","status":"filled","filled_qty":6,"leaves_qty":0,"price":868.09,"timestamp":"2026-05-19T13:54:02Z","match_id":"e423f3d6-7ff2-4f0c-9605-75855adb870b"}}
{"event_type":"order_acked","timestamp":"2026-05-19T19:24:02.5638084+05:30","order_acked":{"request_id":"c3d7f2a0-ecbf-42aa-9fba-96ffe9f76c48","status_code":201}}
{"event_type":"execution_report","timestamp":"2026-05-19T19:24:02.566144+05:30","execution":{"order_id":"6935b831-d14e-4cb6-8f08-89d0f2edd50c","symbol":"TSLA","side":"BUY","status":"filled","filled_qty":5,"leaves_qty":0,"price":425.65,"timestamp":"2026-05-19T13:54:02Z","match_id":"63eaf164-fcf6-401c-8147-eb2e0d592dc5"}}
{"event_type":"order_acked","timestamp":"2026-05-19T19:24:02.567932+05:30","order_acked":{"request_id":"bf36b4b0-b5df-47e9-bd14-334b11f57fad","status_code":201}}
{"event_type":"order_acked","timestamp":"2026-05-19T19:24:02.5690691+05:30","order_acked":{"request_id":"9d742116-e7f4-45f3-ab28-8d4c4cd172d9","status_code":201}}
{"event_type":"execution_report","timestamp":"2026-05-19T19:24:02.5708095+05:30","execution":{"order_id":"316fe13b-7f81-4ead-a1d8-4ce5dc2ba444","symbol":"AAPL","side":"BUY","status":"filled","filled_qty":23,"leaves_qty":0,"price":672.21,"timestamp":"2026-05-19T13:54:02Z","match_id":"a4ddbddf-d265-4c5b-b1f6-127f4d9f1265"}}
{"event_type":"order_acked","timestamp":"2026-05-19T19:24:02.5713893+05:30","order_acked":{"request_id":"b97daac5-6190-4bc4-a70e-da5a86282455","status_code":200}}
{"event_type":"order_acked","timestamp":"2026-05-19T19:24:02.574804+05:30","order_acked":{"request_id":"b6a93d65-2570-48ce-96ea-e4e0aaf9b6a0","status_code":201}}
{"event_type":"order_acked","timestamp":"2026-05-19T19:24:02.5765294+05:30","order_acked":{"request_id":"21c5facf-b584-42c3-8782-843a6f38b95e","status_code":201}}
{"event_type":"order_acked","timestamp":"2026-05-19T19:24:02.5770973+05:30","order_acked":{"request_id":"2e267926-219c-4c7e-848d-1741730c4766","status_code":201}}
{"event_type":"execution_report","timestamp":"2026-05-19T19:24:02.5793307+05:30","execution":{"order_id":"417994b4-512e-4715-88ac-d43cdba82a35","symbol":"AAPL","side":"BUY","status":"filled","filled_qty":18,"leaves_qty":0,"price":272.78,"timestamp":"2026-05-19T13:54:02Z","match_id":"5782bf1d-42f0-464c-be9c-b28e566fc35d"}}
{"event_type":"execution_report","timestamp":"2026-05-19T19:24:02.5842773+05:30","execution":{"order_id":"f8cb5baf-1bca-443e-bc75-99ee96564559","symbol":"GOOG","side":"BUY","status":"filled","filled_qty":39,"leaves_qty":0,"price":273.02,"timestamp":"2026-05-19T13:54:02Z","match_id":"a1e5e015-e950-46c6-91cf-e8bb145e6997"}}
{"event_type":"order_acked","timestamp":"2026-05-19T19:24:02.5853317+05:30","order_acked":{"request_id":"6fb061fa-861a-4cc2-9731-5e2c7ef4ed0d","status_code":200}}
{"event_type":"order_acked","timestamp":"2026-05-19T19:24:02.5859107+05:30","order_acked":{"request_id":"99170aa6-2ab7-4877-8077-e99674db4249","status_code":201}}
{"event_type":"order_acked","timestamp":"2026-05-19T19:24:02.5871008+05:30","order_acked":{"request_id":"d1e91467-76dd-4709-9d5a-a26ba856af89","status_code":201}}
{"event_type":"execution_report","timestamp":"2026-05-19T19:24:02.5876711+05:30","execution":{"order_id":"532f0bba-6679-4f79-beeb-c4b1a249bd69","symbol":"AMZN","side":"SELL","status":"filled","filled_qty":57,"leaves_qty":0,"price":555.99,"timestamp":"2026-05-19T13:54:02Z","match_id":"2d6e75a6-b1b0-490c-a337-215d57527270"}}
{"event_type":"order_acked","timestamp":"2026-05-19T19:24:02.588749+05:30","order_acked":{"request_id":"6aa0100f-77a0-482e-baf0-8338dcd273c3","status_code":201}}
{"event_type":"order_acked","timestamp":"2026-05-19T19:24:02.5902784+05:30","order_acked":{"request_id":"f6208ab9-0cde-4946-a0c0-ed7c1c4e5adc","status_code":200}}
{"event_type":"execution_report","timestamp":"2026-05-19T19:24:02.5908376+05:30","execution":{"order_id":"9a33a8c5-7ee7-4c20-9674-d4e7bbf41f24","symbol":"AMZN","side":"SELL","status":"filled","filled_qty":9,"leaves_qty":0,"price":124.96,"timestamp":"2026-05-19T13:54:02Z","match_id":"11c3548f-cc93-4f3e-919d-bc58b5a8a5d3"}}
{"event_type":"order_acked","timestamp":"2026-05-19T19:24:02.5925143+05:30","order_acked":{"request_id":"c734d138-da4a-4cf2-be8a-9d3ae2bf8d84","status_code":201}}
{"event_type":"order_acked","timestamp":"2026-05-19T19:24:02.5970123+05:30","order_acked":{"request_id":"5f660991-1d90-4b6b-84c7-67325980c043","status_code":201}}
{"event_type":"execution_report","timestamp":"2026-05-19T19:24:02.5975927+05:30","execution":{"order_id":"58cb0e02-f126-4d49-87c6-a1f588b8fc2f","symbol":"MSFT","side":"BUY","status":"filled","filled_qty":80,"leaves_qty":0,"price":486.84,"timestamp":"2026-05-19T13:54:02Z","match_id":"d796d169-4548-408d-af00-b495ad327547"}}
{"event_type":"order_acked","timestamp":"2026-05-19T19:24:02.5986867+05:30","order_acked":{"request_id":"d9c0063c-594a-4643-8b00-024483351663","status_code":201}}
{"event_type":"order_acked","timestamp":"2026-05-19T19:24:02.6004178+05:30","order_acked":{"request_id":"06fdd245-56e5-42aa-b3ff-cb7afd6cddfe","status_code":201}}
{"event_type":"order_acked","timestamp":"2026-05-19T19:24:02.6027302+05:30","order_acked":{"request_id":"9f6fc5a0-0534-45ca-b35d-045ed50b2121","status_code":201}}
{"event_type":"execution_report","timestamp":"2026-05-19T19:24:02.6065083+05:30","execution":{"order_id":"786f9e90-f38b-4d6c-851f-45e8a550536e","symbol":"GOOG","side":"SELL","status":"filled","filled_qty":87,"leaves_qty":0,"price":262.82,"timestamp":"2026-05-19T13:54:02Z","match_id":"ebf73f77-d3de-4cc1-bd76-125b4c623160"}}
{"event_type":"order_acked","timestamp":"2026-05-19T19:24:02.6082964+05:30","order_acked":{"request_id":"b35dcc02-cad1-4a77-a6b8-c7a76c44e5bb","status_code":201}}
{"event_type":"order_acked","timestamp":"2026-05-19T19:24:02.6116043+05:30","order_acked":{"request_id":"924fb2d6-2237-41eb-bb68-a05295a09ae7","status_code":201}}
{"event_type":"order_acked","timestamp":"2026-05-19T19:24:02.6126852+05:30","order_acked":{"request_id":"3070dc03-18d0-4b9b-ba95-8a99c35830e1","status_code":201}}
{"event_type":"order_acked","timestamp":"2026-05-19T19:24:02.6149584+05:30","order_acked":{"request_id":"9888a314-cefd-4e1f-a2de-94030c5d2608","status_code":200}}
{"event_type":"order_acked","timestamp":"2026-05-19T19:24:02.6161272+05:30","order_acked":{"request_id":"faa0a739-067c-4740-b9de-18c867e631ad","status_code":201}}
{"event_type":"execution_report","timestamp":"2026-05-19T19:24:02.6178928+05:30","execution":{"order_id":"24701bfa-5878-4127-8134-9395d11f9c81","symbol":"TSLA","side":"BUY","status":"filled","filled_qty":67,"leaves_qty":0,"price":537.12,"timestamp":"2026-05-19T13:54:02Z","match_id":"3068e851-7e61-4cfb-9179-aea2249d35b5"}}
{"event_type":"execution_report","timestamp":"2026-05-19T19:24:02.6200928+05:30","execution":{"order_id":"b7829cc3-a68d-47ee-9f1a-595f1c89f5cb","symbol":"AMZN","side":"BUY","status":"filled","filled_qty":61,"leaves_qty":0,"price":542.38,"timestamp":"2026-05-19T13:54:02Z","match_id":"a92dd10a-cb52-4bbe-a6ab-79c9c98068b1"}}
{"event_type":"order_acked","timestamp":"2026-05-19T19:24:02.6217904+05:30","order_acked":{"request_id":"2e79b810-53b1-43b5-86fa-1fa2df0317e1","status_code":201}}
{"event_type":"order_acked","timestamp":"2026-05-19T19:24:02.6229493+05:30","order_acked":{"request_id":"55616237-c22b-4332-8fda-0df328770d7b","status_code":201}}
{"event_type":"execution_report","timestamp":"2026-05-19T19:24:02.6229493+05:30","execution":{"order_id":"2a41b74f-1eed-4418-be86-b71c9229a941","symbol":"AMZN","side":"SELL","status":"filled","filled_qty":16,"leaves_qty":0,"price":862.89,"timestamp":"2026-05-19T13:54:02Z","match_id":"b131ba93-8395-4536-926c-c591627c12e3"}}
{"event_type":"execution_report","timestamp":"2026-05-19T19:24:02.6326767+05:30","execution":{"order_id":"40f5bf85-a4d6-414e-a66a-58cd2a2a695d","symbol":"AAPL","side":"BUY","status":"filled","filled_qty":84,"leaves_qty":0,"price":641.6,"timestamp":"2026-05-19T13:54:02Z","match_id":"d55f697d-66a8-4e04-a837-c6c93aea8f37"}}
{"event_type":"order_sent","timestamp":"2026-05-19T19:24:04.2115316+05:30","order_sent":{"request_id":"0276d4c0-3dee-46d4-a00c-52a3246884a7","order_id":"ord-426705003434916805","type":"CANCEL","symbol":"","side":""}}
{"event_type":"order_sent","timestamp":"2026-05-19T19:24:04.2115316+05:30","order_sent":{"request_id":"793f6238-826d-4ff0-b8ce-a940db264131","order_id":"","type":"LIMIT","symbol":"AMZN","side":"SELL","price":752.64,"quantity":25}}
{"event_type":"order_sent","timestamp":"2026-05-19T19:24:04.2120632+05:30","order_sent":{"request_id":"748c4ec4-5aae-42ff-bfcd-75fce839f171","order_id":"","type":"LIMIT","symbol":"GOOG","side":"BUY","price":723.58,"quantity":52}}
{"event_type":"order_sent","timestamp":"2026-05-19T19:24:04.2130748+05:30","order_sent":{"request_id":"5680859d-c5b0-4aaf-b203-f45f6b0c3672","order_id":"ord-3597172438979281885","type":"CANCEL","symbol":"","side":""}}
{"event_type":"order_sent","timestamp":"2026-05-19T19:24:04.2130748+05:30","order_sent":{"request_id":"7e688359-ae19-49f2-957d-bcbf6be7b372","order_id":"","type":"MARKET","symbol":"AAPL","side":"BUY","quantity":6}}
{"event_type":"order_sent","timestamp":"2026-05-19T19:24:04.2130748+05:30","order_sent":{"request_id":"57bac586-6b51-4b58-8e8b-f2f013f6d787","order_id":"ord-9168920002272521333","type":"CANCEL","symbol":"","side":""}}
{"event_type":"order_sent","timestamp":"2026-05-19T19:24:04.2130748+05:30","order_sent":{"request_id":"a6a35ba0-972d-4af6-a4b5-f8a5d0654664","order_id":"","type":"MARKET","symbol":"AAPL","side":"SELL","quantity":8}}
{"event_type":"order_sent","timestamp":"2026-05-19T19:24:04.2130748+05:30","order_sent":{"request_id":"bcc54af5-faf2-4fb1-be06-b78658cde5bd","order_id":"","type":"LIMIT","symbol":"AMZN","side":"SELL","price":733.44,"quantity":29}}
{"event_type":"order_sent","timestamp":"2026-05-19T19:24:04.2130748+05:30","order_sent":{"request_id":"28d50111-0aa4-4e1f-b657-d55e3a8bb49c","order_id":"","type":"MARKET","symbol":"MSFT","side":"BUY","quantity":14}}
{"event_type":"order_sent","timestamp":"2026-05-19T19:24:04.2130748+05:30","order_sent":{"request_id":"98b7903d-d047-4a79-ae78-b14bbb15ff64","order_id":"ord-8739840092848172232","type":"CANCEL","symbol":"","side":""}}
{"event_type":"order_sent","timestamp":"2026-05-19T19:24:04.2130748+05:30","order_sent":{"request_id":"a32b68d9-e0fb-4d95-bc32-70d69a767d7b","order_id":"","type":"LIMIT","symbol":"AAPL","side":"SELL","price":201.24,"quantity":72}}
{"event_type":"order_sent","timestamp":"2026-05-19T19:24:04.2130748+05:30","order_sent":{"request_id":"9f0f499e-2a27-4d18-a2b5-70ff61b082db","order_id":"","type":"LIMIT","symbol":"MSFT","side":"BUY","price":741.44,"quantity":1}}
{"event_type":"order_sent","timestamp":"2026-05-19T19:24:04.2115316+05:30","order_sent":{"request_id":"3baefb98-bb4f-4877-8cbe-20fcfd1c155b","order_id":"","type":"LIMIT","symbol":"GOOG","side":"BUY","price":228.53,"quantity":95}}
{"event_type":"order_sent","timestamp":"2026-05-19T19:24:04.2130748+05:30","order_sent":{"request_id":"58025eef-e2e7-43d1-98a8-dadbdcd35211","order_id":"","type":"LIMIT","symbol":"AAPL","side":"SELL","price":798.44,"quantity":25}}
{"event_type":"order_sent","timestamp":"2026-05-19T19:24:04.2130748+05:30","order_sent":{"request_id":"806c7295-d379-43da-94f2-5bd808904b18","order_id":"","type":"LIMIT","symbol":"MSFT","side":"BUY","price":220.92,"quantity":13}}
{"event_type":"order_sent","timestamp":"2026-05-19T19:24:04.2130748+05:30","order_sent":{"request_id":"eb2339d6-b69c-4e1e-a17f-4c7aabd145b3","order_id":"","type":"MARKET","symbol":"GOOG","side":"BUY","quantity":27}}
{"event_type":"order_sent","timestamp":"2026-05-19T19:24:04.2130748+05:30","order_sent":{"request_id":"6e4f0ae9-1641-4572-85b6-15ceeaaeb066","order_id":"","type":"LIMIT","symbol":"AMZN","side":"SELL","price":477.28,"quantity":95}}
{"event_type":"order_sent","timestamp":"2026-05-19T19:24:04.2130748+05:30","order_sent":{"request_id":"a93c8d5d-b447-4459-b5d0-68699ce77bea","order_id":"","type":"LIMIT","symbol":"MSFT","side":"BUY","price":686.76,"quantity":96}}
{"event_type":"order_sent","timestamp":"2026-05-19T19:24:04.2136356+05:30","order_sent":{"request_id":"690c5f64-2387-4f2b-8782-2a0568c3c26b","order_id":"","type":"MARKET","symbol":"AAPL","side":"BUY","quantity":15}}
{"event_type":"order_sent","timestamp":"2026-05-19T19:24:04.2136356+05:30","order_sent":{"request_id":"96966c41-f21c-49f2-a7b2-1e1942391284","order_id":"","type":"MARKET","symbol":"AAPL","side":"SELL","quantity":23}}
{"event_type":"order_sent","timestamp":"2026-05-19T19:24:04.2115316+05:30","order_sent":{"request_id":"5b669899-be80-4bfa-a569-26086d6a0548","order_id":"","type":"LIMIT","symbol":"GOOG","side":"SELL","price":190.37,"quantity":9}}
{"event_type":"order_sent","timestamp":"2026-05-19T19:24:04.2120632+05:30","order_sent":{"request_id":"6d27300a-5874-448d-9e1a-7574a4250ec6","order_id":"","type":"MARKET","symbol":"GOOG","side":"SELL","quantity":16}}
{"event_type":"order_sent","timestamp":"2026-05-19T19:24:04.2120632+05:30","order_sent":{"request_id":"657e44b3-b9cc-4d39-833b-a58c5db1e000","order_id":"","type":"LIMIT","symbol":"AMZN","side":"BUY","price":610.52,"quantity":15}}
{"event_type":"order_sent","timestamp":"2026-05-19T19:24:04.2120632+05:30","order_sent":{"request_id":"c5a8bea7-ceaf-406c-9766-ccc3a70f289a","order_id":"","type":"MARKET","symbol":"TSLA","side":"SELL","quantity":43}}
{"event_type":"order_sent","timestamp":"2026-05-19T19:24:04.2120632+05:30","order_sent":{"request_id":"1080b2f9-3fca-45ed-9423-50002d9296d6","order_id":"ord-6248150572351035832","type":"CANCEL","symbol":"","side":""}}
{"event_type":"order_sent","timestamp":"2026-05-19T19:24:04.2120632+05:30","order_sent":{"request_id":"84d808c9-2f85-4d77-8180-00970748be94","order_id":"","type":"MARKET","symbol":"AAPL","side":"SELL","quantity":14}}
{"event_type":"order_sent","timestamp":"2026-05-19T19:24:04.2120632+05:30","order_sent":{"request_id":"eb519b79-f1d7-4e03-8a5a-0c8276a398c3","order_id":"","type":"MARKET","symbol":"MSFT","side":"SELL","quantity":12}}
{"event_type":"order_sent","timestamp":"2026-05-19T19:24:04.2120632+05:30","order_sent":{"request_id":"b2c62184-2ca4-4436-88a3-6e679aca2aea","order_id":"","type":"LIMIT","symbol":"AAPL","side":"BUY","price":580.26,"quantity":91}}
{"event_type":"order_sent","timestamp":"2026-05-19T19:24:04.2120632+05:30","order_sent":{"request_id":"686d5cf3-e5fa-48d0-9fa2-1c4066cb4aef","order_id":"","type":"LIMIT","symbol":"GOOG","side":"SELL","price":265.07,"quantity":89}}
{"event_type":"order_sent","timestamp":"2026-05-19T19:24:04.2120632+05:30","order_sent":{"request_id":"f6d00fb1-a369-434c-a68a-49bee1df7a7a","order_id":"","type":"LIMIT","symbol":"GOOG","side":"SELL","price":237.51,"quantity":19}}
{"event_type":"order_sent","timestamp":"2026-05-19T19:24:04.2120632+05:30","order_sent":{"request_id":"de1068fc-8653-49ab-b213-0f16834840c6","order_id":"ord-1435768859627766111","type":"CANCEL","symbol":"","side":""}}
{"event_type":"order_sent","timestamp":"2026-05-19T19:24:04.2120632+05:30","order_sent":{"request_id":"31673b97-a6c9-414c-96f5-4588d6968f24","order_id":"","type":"LIMIT","symbol":"MSFT","side":"SELL","price":531.03,"quantity":57}}
{"event_type":"order_sent","timestamp":"2026-05-19T19:24:04.2120632+05:30","order_sent":{"request_id":"0c98a4e4-5c74-4194-9753-c048ab97d413","order_id":"ord-5445689262900480515","type":"CANCEL","symbol":"","side":""}}
{"event_type":"order_sent","timestamp":"2026-05-19T19:24:04.2120632+05:30","order_sent":{"request_id":"4c50d26f-7d1a-448f-9dc4-df8d709b4a65","order_id":"","type":"MARKET","symbol":"AAPL","side":"SELL","quantity":6}}
{"event_type":"order_sent","timestamp":"2026-05-19T19:24:04.2120632+05:30","order_sent":{"request_id":"d40de2ba-c917-460b-b88f-f83f9bb48d6b","order_id":"ord-7719979978147243121","type":"CANCEL","symbol":"","side":""}}
{"event_type":"order_sent","timestamp":"2026-05-19T19:24:04.2120632+05:30","order_sent":{"request_id":"451f1c56-6cab-4d96-93cf-c7af6909cb73","order_id":"","type":"LIMIT","symbol":"MSFT","side":"SELL","price":219.5,"quantity":94}}
{"event_type":"order_sent","timestamp":"2026-05-19T19:24:04.2120632+05:30","order_sent":{"request_id":"41f88b8f-f49b-40ef-96e6-5038270be4c8","order_id":"","type":"LIMIT","symbol":"AAPL","side":"BUY","price":840.33,"quantity":71}}
{"event_type":"order_sent","timestamp":"2026-05-19T19:24:04.2120632+05:30","order_sent":{"request_id":"eb47c215-a0ab-4cb8-bb4e-83061d4abcd5","order_id":"","type":"MARKET","symbol":"TSLA","side":"BUY","quantity":20}}
{"event_type":"order_sent","timestamp":"2026-05-19T19:24:04.2120632+05:30","order_sent":{"request_id":"00480009-ac7b-4b05-96fa-9e4efdefd977","order_id":"ord-7933140464791849154","type":"CANCEL","symbol":"","side":""}}
{"event_type":"order_sent","timestamp":"2026-05-19T19:24:04.2120632+05:30","order_sent":{"request_id":"67026c17-1c8b-4296-b1d4-03dc31ee672b","order_id":"","type":"LIMIT","symbol":"MSFT","side":"SELL","price":924.65,"quantity":79}}
{"event_type":"order_sent","timestamp":"2026-05-19T19:24:04.2120632+05:30","order_sent":{"request_id":"d73de041-ab8e-460c-a1b4-4ea3e35d787d","order_id":"","type":"MARKET","symbol":"AAPL","side":"BUY","quantity":18}}
{"event_type":"order_sent","timestamp":"2026-05-19T19:24:04.2120632+05:30","order_sent":{"request_id":"0422b1ed-7bb9-46c1-8f8b-d8389a0cd7ab","order_id":"","type":"MARKET","symbol":"AAPL","side":"SELL","quantity":17}}
{"event_type":"order_sent","timestamp":"2026-05-19T19:24:04.2120632+05:30","order_sent":{"request_id":"9c8a263e-26ef-4183-9188-dbe4462f2723","order_id":"","type":"LIMIT","symbol":"AMZN","side":"BUY","price":234.51,"quantity":90}}
{"event_type":"order_sent","timestamp":"2026-05-19T19:24:04.2120632+05:30","order_sent":{"request_id":"2d2dee64-961c-4f65-8304-dd82bff86d72","order_id":"","type":"LIMIT","symbol":"TSLA","side":"BUY","price":490.55,"quantity":38}}
{"event_type":"order_sent","timestamp":"2026-05-19T19:24:04.2120632+05:30","order_sent":{"request_id":"c8b4bcc4-a59c-45be-923a-877c8dff7f6c","order_id":"","type":"MARKET","symbol":"TSLA","side":"BUY","quantity":10}}
{"event_type":"order_sent","timestamp":"2026-05-19T19:24:04.2120632+05:30","order_sent":{"request_id":"329b885c-7662-4e9f-8033-7877c9a3d6e6","order_id":"","type":"MARKET","symbol":"AAPL","side":"BUY","quantity":39}}
{"event_type":"order_sent","timestamp":"2026-05-19T19:24:04.2120632+05:30","order_sent":{"request_id":"daa2b339-5a0e-4d3b-9291-1915135e05f6","order_id":"","type":"LIMIT","symbol":"GOOG","side":"BUY","price":800.19,"quantity":85}}
{"event_type":"order_sent","timestamp":"2026-05-19T19:24:04.2120632+05:30","order_sent":{"request_id":"6873db84-58b6-455b-a4ea-9fc58e2ae90f","order_id":"","type":"LIMIT","symbol":"GOOG","side":"SELL","price":144.03,"quantity":10}}
{"event_type":"order_sent","timestamp":"2026-05-19T19:24:04.2146468+05:30","order_sent":{"request_id":"695abd39-4b1c-4909-8951-8b3d46f37626","order_id":"ord-4569345464268456674","type":"CANCEL","symbol":"","side":""}}
{"event_type":"order_sent","timestamp":"2026-05-19T19:24:04.2120632+05:30","order_sent":{"request_id":"2476ac88-bf57-468b-a0dc-fec0ed4f846b","order_id":"","type":"MARKET","symbol":"AAPL","side":"SELL","quantity":1}}
{"event_type":"order_sent","timestamp":"2026-05-19T19:24:04.2130748+05:30","order_sent":{"request_id":"ee7b0e6f-2e3c-4719-a634-2c8247b98502","order_id":"","type":"LIMIT","symbol":"MSFT","side":"SELL","price":514.91,"quantity":51}}
{"event_type":"order_sent","timestamp":"2026-05-19T19:24:04.2130748+05:30","order_sent":{"request_id":"edc49a34-3619-4af5-b7b8-beef19218648","order_id":"","type":"LIMIT","symbol":"GOOG","side":"BUY","price":875.14,"quantity":47}}
{"event_type":"order_sent","timestamp":"2026-05-19T19:24:04.2130748+05:30","order_sent":{"request_id":"92275518-b308-4420-a91f-4d52002ba2dd","order_id":"ord-8027899409027597566","type":"CANCEL","symbol":"","side":""}}
{"event_type":"order_sent","timestamp":"2026-05-19T19:24:04.2130748+05:30","order_sent":{"request_id":"a50eee4a-86a4-4bca-bcbe-e7d6c64d7beb","order_id":"","type":"LIMIT","symbol":"AMZN","side":"BUY","price":956.46,"quantity":20}}
{"event_type":"order_sent","timestamp":"2026-05-19T19:24:04.2130748+05:30","order_sent":{"request_id":"7dc3d5f8-6984-4540-9df1-53ae4ae2650f","order_id":"","type":"MARKET","symbol":"GOOG","side":"BUY","quantity":43}}
{"event_type":"order_sent","timestamp":"2026-05-19T19:24:04.2130748+05:30","order_sent":{"request_id":"ce3b5ead-998a-4a03-9009-ba410cc4b08b","order_id":"","type":"LIMIT","symbol":"TSLA","side":"BUY","price":782.8,"quantity":26}}
{"event_type":"order_sent","timestamp":"2026-05-19T19:24:04.2130748+05:30","order_sent":{"request_id":"da65108c-8f64-459f-8feb-0ec48709fe68","order_id":"ord-1513896171061448995","type":"CANCEL","symbol":"","side":""}}
{"event_type":"order_sent","timestamp":"2026-05-19T19:24:04.2130748+05:30","order_sent":{"request_id":"64a72a02-72b9-40af-b714-a5ca420e5d3b","order_id":"","type":"LIMIT","symbol":"AAPL","side":"BUY","price":145.71,"quantity":43}}
{"event_type":"order_sent","timestamp":"2026-05-19T19:24:04.2130748+05:30","order_sent":{"request_id":"378cf714-ae54-482d-ae27-82f064ace63c","order_id":"","type":"MARKET","symbol":"MSFT","side":"SELL","quantity":16}}
{"event_type":"order_sent","timestamp":"2026-05-19T19:24:04.2130748+05:30","order_sent":{"request_id":"0c3b3c36-0853-400a-8c5b-8467a7da5aa5","order_id":"","type":"LIMIT","symbol":"MSFT","side":"BUY","price":540.95,"quantity":22}}
{"event_type":"order_sent","timestamp":"2026-05-19T19:24:04.2130748+05:30","order_sent":{"request_id":"b5713e62-0315-41e0-85d1-60862e9aca06","order_id":"","type":"LIMIT","symbol":"AAPL","side":"SELL","price":489.51,"quantity":48}}
{"event_type":"order_sent","timestamp":"2026-05-19T19:24:04.2130748+05:30","order_sent":{"request_id":"e5ba7a5c-e21d-41f9-a06d-d1dfdd5e6486","order_id":"","type":"LIMIT","symbol":"MSFT","side":"BUY","price":860.47,"quantity":47}}
{"event_type":"order_sent","timestamp":"2026-05-19T19:24:04.2130748+05:30","order_sent":{"request_id":"c001c92f-1239-4033-b788-f9cee04f3f07","order_id":"","type":"LIMIT","symbol":"AAPL","side":"BUY","price":321.49,"quantity":75}}
{"event_type":"order_sent","timestamp":"2026-05-19T19:24:04.2130748+05:30","order_sent":{"request_id":"7e33faa9-e22d-4da0-8bb9-a5c5c0cefce3","order_id":"","type":"LIMIT","symbol":"GOOG","side":"BUY","price":332.43,"quantity":14}}
{"event_type":"order_sent","timestamp":"2026-05-19T19:24:04.2130748+05:30","order_sent":{"request_id":"0f58e812-71f1-4d09-851d-b0016ec1e539","order_id":"","type":"LIMIT","symbol":"AMZN","side":"SELL","price":835.44,"quantity":50}}
{"event_type":"order_sent","timestamp":"2026-05-19T19:24:04.2130748+05:30","order_sent":{"request_id":"acf2e9b1-e4e9-4560-a4d2-25a52f70989e","order_id":"ord-6540794473290951363","type":"CANCEL","symbol":"","side":""}}
{"event_type":"order_sent","timestamp":"2026-05-19T19:24:04.2130748+05:30","order_sent":{"request_id":"3af8a29c-b859-496c-9d23-238ead3306ec","order_id":"","type":"MARKET","symbol":"MSFT","side":"SELL","quantity":7}}
{"event_type":"order_sent","timestamp":"2026-05-19T19:24:04.2130748+05:30","order_sent":{"request_id":"efbbf71a-10d3-42fb-8ce8-6ce219519eef","order_id":"","type":"LIMIT","symbol":"GOOG","side":"BUY","price":758.42,"quantity":70}}
{"event_type":"order_sent","timestamp":"2026-05-19T19:24:04.2130748+05:30","order_sent":{"request_id":"f2b48205-a68c-486a-b20d-5534b05b697b","order_id":"ord-1182256120152412808","type":"CANCEL","symbol":"","side":""}}
{"event_type":"order_sent","timestamp":"2026-05-19T19:24:04.2130748+05:30","order_sent":{"request_id":"d9475834-7850-4f10-a8ec-70b9c7a47c00","order_id":"","type":"MARKET","symbol":"AMZN","side":"SELL","quantity":20}}
{"event_type":"order_sent","timestamp":"2026-05-19T19:24:04.2115316+05:30","order_sent":{"request_id":"1c95b262-3e30-465e-bc5c-0a816e49e6fe","order_id":"ord-6939889623425451041","type":"CANCEL","symbol":"","side":""}}
{"event_type":"order_sent","timestamp":"2026-05-19T19:24:04.2115316+05:30","order_sent":{"request_id":"e4100805-32e8-41e0-92c2-554a5698db0a","order_id":"","type":"LIMIT","symbol":"AAPL","side":"BUY","price":500.97,"quantity":65}}
{"event_type":"order_sent","timestamp":"2026-05-19T19:24:04.2136356+05:30","order_sent":{"request_id":"9a57e0fa-a3c9-47d5-a8e3-c33ce12bc9c0","order_id":"","type":"MARKET","symbol":"TSLA","side":"SELL","quantity":28}}
{"event_type":"order_sent","timestamp":"2026-05-19T19:24:04.2136356+05:30","order_sent":{"request_id":"a8ea5797-10f6-4e58-a6b0-8ac2965513a8","order_id":"","type":"LIMIT","symbol":"TSLA","side":"SELL","price":502.47,"quantity":2}}
{"event_type":"order_sent","timestamp":"2026-05-19T19:24:04.2136356+05:30","order_sent":{"request_id":"96f527ac-d6b2-44f5-9fb6-a55fa8ccffa3","order_id":"","type":"MARKET","symbol":"AAPL","side":"SELL","quantity":13}}
{"event_type":"order_sent","timestamp":"2026-05-19T19:24:04.2136356+05:30","order_sent":{"request_id":"9c1484dc-3ba0-448a-8816-74f9434d5037","order_id":"","type":"MARKET","symbol":"AAPL","side":"SELL","quantity":25}}
{"event_type":"order_sent","timestamp":"2026-05-19T19:24:04.2136356+05:30","order_sent":{"request_id":"26896249-95c7-47fa-b1e5-a63cdb2d4b4e","order_id":"ord-70682986191387015","type":"CANCEL","symbol":"","side":""}}
{"event_type":"order_sent","timestamp":"2026-05-19T19:24:04.2136356+05:30","order_sent":{"request_id":"a5e452c0-380f-4792-b6c7-a621f42205df","order_id":"","type":"LIMIT","symbol":"MSFT","side":"SELL","price":622.99,"quantity":6}}
{"event_type":"order_sent","timestamp":"2026-05-19T19:24:04.2136356+05:30","order_sent":{"request_id":"4a07f8c5-2a8e-4b5c-ae4d-74e496f5e550","order_id":"ord-1693569222105213204","type":"CANCEL","symbol":"","side":""}}
{"event_type":"order_sent","timestamp":"2026-05-19T19:24:04.2136356+05:30","order_sent":{"request_id":"0eb850b9-35a2-4444-8128-95d04f53ee79","order_id":"ord-1143127886930927061","type":"CANCEL","symbol":"","side":""}}
{"event_type":"order_sent","timestamp":"2026-05-19T19:24:04.2136356+05:30","order_sent":{"request_id":"f6ead774-d785-4bc6-88fc-449b88ad5708","order_id":"","type":"LIMIT","symbol":"AMZN","side":"SELL","price":873.82,"quantity":64}}
{"event_type":"order_sent","timestamp":"2026-05-19T19:24:04.2136356+05:30","order_sent":{"request_id":"69832573-7d61-49ae-8987-4de47c0c0e3c","order_id":"","type":"MARKET","symbol":"AAPL","side":"BUY","quantity":2}}
{"event_type":"order_sent","timestamp":"2026-05-19T19:24:04.2136356+05:30","order_sent":{"request_id":"deb3ed56-2a5b-46ea-85be-9c8e36b98674","order_id":"ord-4110060944156630467","type":"CANCEL","symbol":"","side":""}}
{"event_type":"order_sent","timestamp":"2026-05-19T19:24:04.2136356+05:30","order_sent":{"request_id":"06c93043-290a-4f5e-a664-ab01011b576a","order_id":"ord-619346009173250862","type":"CANCEL","symbol":"","side":""}}
{"event_type":"order_sent","timestamp":"2026-05-19T19:24:04.2136356+05:30","order_sent":{"request_id":"d3a5e556-9c50-4622-9430-4f4e437c5476","order_id":"ord-9149830354152424783","type":"CANCEL","symbol":"","side":""}}
{"event_type":"order_sent","timestamp":"2026-05-19T19:24:04.2136356+05:30","order_sent":{"request_id":"84c306e5-9928-4321-a524-f74aafef82c8","order_id":"","type":"LIMIT","symbol":"AAPL","side":"SELL","price":360.3,"quantity":36}}
{"event_type":"order_sent","timestamp":"2026-05-19T19:24:04.2136356+05:30","order_sent":{"request_id":"5523ffa4-b860-4a44-bc0b-5706ca413684","order_id":"","type":"LIMIT","symbol":"TSLA","side":"BUY","price":690.86,"quantity":31}}
{"event_type":"order_sent","timestamp":"2026-05-19T19:24:04.2136356+05:30","order_sent":{"request_id":"c9d67d1c-c72a-4bcf-8b89-adf09d71efbe","order_id":"ord-5325678990462705810","type":"CANCEL","symbol":"","side":""}}
{"event_type":"order_sent","timestamp":"2026-05-19T19:24:04.2136356+05:30","order_sent":{"request_id":"1089b44e-7535-4103-ad66-35a7da4aa76e","order_id":"","type":"LIMIT","symbol":"AAPL","side":"BUY","price":903.98,"quantity":74}}
{"event_type":"order_sent","timestamp":"2026-05-19T19:24:04.2136356+05:30","order_sent":{"request_id":"4a02fc11-b31c-458c-81ae-f3eb069fa949","order_id":"","type":"MARKET","symbol":"GOOG","side":"SELL","quantity":3}}
{"event_type":"order_sent","timestamp":"2026-05-19T19:24:04.2136356+05:30","order_sent":{"request_id":"d1228d8b-95c1-4da4-83d4-fcc278dc928e","order_id":"","type":"LIMIT","symbol":"GOOG","side":"SELL","price":838.8,"quantity":23}}
{"event_type":"order_sent","timestamp":"2026-05-19T19:24:04.2136356+05:30","order_sent":{"request_id":"db826bb6-125b-424f-9f30-ff0de29f35d5","order_id":"","type":"LIMIT","symbol":"GOOG","side":"BUY","price":122.41,"quantity":45}}
{"event_type":"order_sent","timestamp":"2026-05-19T19:24:04.2136356+05:30","order_sent":{"request_id":"151d087b-f00e-4cf9-abf2-4e6f1c4f5072","order_id":"","type":"LIMIT","symbol":"AMZN","side":"BUY","price":158.48,"quantity":91}}
{"event_type":"order_sent","timestamp":"2026-05-19T19:24:04.2136356+05:30","order_sent":{"request_id":"cfe7e1bc-5a41-496d-b1de-cadfd06ea6f8","order_id":"","type":"MARKET","symbol":"AAPL","side":"SELL","quantity":18}}
{"event_type":"order_sent","timestamp":"2026-05-19T19:24:04.2115316+05:30","order_sent":{"request_id":"6e31881d-6ff2-4f99-947b-7aa7c1e33979","order_id":"","type":"MARKET","symbol":"MSFT","side":"SELL","quantity":18}}
{"event_type":"order_sent","timestamp":"2026-05-19T19:24:04.2136356+05:30","order_sent":{"request_id":"73c0abe7-caba-490b-9469-d71e5a93e951","order_id":"","type":"LIMIT","symbol":"TSLA","side":"BUY","price":829.97,"quantity":16}}
{"event_type":"order_sent","timestamp":"2026-05-19T19:24:04.2136356+05:30","order_sent":{"request_id":"7bdd3aff-4aa0-4168-bb1a-0dfde89090cd","order_id":"","type":"MARKET","symbol":"MSFT","side":"BUY","quantity":30}}
{"event_type":"order_sent","timestamp":"2026-05-19T19:24:04.2136356+05:30","order_sent":{"request_id":"5881d873-7e25-4334-a5b2-74b70b5564c8","order_id":"","type":"MARKET","symbol":"GOOG","side":"SELL","quantity":40}}
{"event_type":"order_sent","timestamp":"2026-05-19T19:24:04.2130748+05:30","order_sent":{"request_id":"cdc50291-726c-4622-89ee-05460c827ac6","order_id":"","type":"MARKET","symbol":"AAPL","side":"BUY","quantity":28}}
{"event_type":"order_sent","timestamp":"2026-05-19T19:24:04.2146468+05:30","order_sent":{"request_id":"d0d1c3c7-2443-42c7-8f37-89cc15cf9abf","order_id":"","type":"MARKET","symbol":"MSFT","side":"BUY","quantity":36}}
{"event_type":"order_acked","timestamp":"2026-05-19T19:24:04.2417786+05:30","order_acked":{"request_id":"d9475834-7850-4f10-a8ec-70b9c7a47c00","status_code":201}}
{"event_type":"order_acked","timestamp":"2026-05-19T19:24:04.2474606+05:30","order_acked":{"request_id":"d73de041-ab8e-460c-a1b4-4ea3e35d787d","status_code":201}}
{"event_type":"order_acked","timestamp":"2026-05-19T19:24:04.2640937+05:30","order_acked":{"request_id":"9c8a263e-26ef-4183-9188-dbe4462f2723","status_code":201}}
{"event_type":"execution_report","timestamp":"2026-05-19T19:24:04.2721205+05:30","execution":{"order_id":"372a9717-b99e-4a8d-b091-4a12a260c163","symbol":"AMZN","side":"BUY","status":"filled","filled_qty":90,"leaves_qty":0,"price":234.51,"timestamp":"2026-05-19T13:54:04Z","match_id":"d817ae50-e1f5-4545-a396-92404f75f118"}}
{"event_type":"order_acked","timestamp":"2026-05-19T19:24:04.2847759+05:30","order_acked":{"request_id":"0276d4c0-3dee-46d4-a00c-52a3246884a7","status_code":200}}
{"event_type":"order_acked","timestamp":"2026-05-19T19:24:04.2924069+05:30","order_acked":{"request_id":"0c3b3c36-0853-400a-8c5b-8467a7da5aa5","status_code":201}}
{"event_type":"order_acked","timestamp":"2026-05-19T19:24:04.2973064+05:30","order_acked":{"request_id":"41f88b8f-f49b-40ef-96e6-5038270be4c8","status_code":201}}
{"event_type":"order_acked","timestamp":"2026-05-19T19:24:04.2973064+05:30","order_acked":{"request_id":"329b885c-7662-4e9f-8033-7877c9a3d6e6","status_code":201}}
{"event_type":"execution_report","timestamp":"2026-05-19T19:24:04.2973064+05:30","execution":{"order_id":"eec5b507-b60c-4bae-97c2-a9f2f4dd39b4","symbol":"MSFT","side":"BUY","status":"filled","filled_qty":22,"leaves_qty":0,"price":540.95,"timestamp":"2026-05-19T13:54:04Z","match_id":"302dafeb-d852-440c-9afc-ed3c25de439b"}}
{"event_type":"order_acked","timestamp":"2026-05-19T19:24:04.2973064+05:30","order_acked":{"request_id":"eb47c215-a0ab-4cb8-bb4e-83061d4abcd5","status_code":201}}
{"event_type":"execution_report","timestamp":"2026-05-19T19:24:04.2996487+05:30","execution":{"order_id":"3d56c03a-4471-43cd-a115-0b39a6d701bc","symbol":"AAPL","side":"BUY","status":"filled","filled_qty":71,"leaves_qty":0,"price":840.33,"timestamp":"2026-05-19T13:54:04Z","match_id":"29abb66e-0ac7-49e5-b6cd-0d70b2f4067e"}}
{"event_type":"order_acked","timestamp":"2026-05-19T19:24:04.3050764+05:30","order_acked":{"request_id":"6873db84-58b6-455b-a4ea-9fc58e2ae90f","status_code":201}}
{"event_type":"order_acked","timestamp":"2026-05-19T19:24:04.3184768+05:30","order_acked":{"request_id":"b5713e62-0315-41e0-85d1-60862e9aca06","status_code":201}}
{"event_type":"execution_report","timestamp":"2026-05-19T19:24:04.3190907+05:30","execution":{"order_id":"02d13caf-b9c1-4d22-9264-48b2df5f533f","symbol":"AAPL","side":"SELL","status":"filled","filled_qty":48,"leaves_qty":0,"price":489.51,"timestamp":"2026-05-19T13:54:04Z","match_id":"38963097-e0cf-4187-845a-14637b16a150"}}
{"event_type":"order_acked","timestamp":"2026-05-19T19:24:04.3190907+05:30","order_acked":{"request_id":"3af8a29c-b859-496c-9d23-238ead3306ec","status_code":201}}
{"event_type":"execution_report","timestamp":"2026-05-19T19:24:04.3190907+05:30","execution":{"order_id":"7bc56755-6126-426a-b6a6-eb9cf508410c","symbol":"GOOG","side":"SELL","status":"filled","filled_qty":10,"leaves_qty":0,"price":144.03,"timestamp":"2026-05-19T13:54:04Z","match_id":"5750ba7a-1c64-4c90-9de2-2f78203681ee"}}
{"event_type":"order_acked","timestamp":"2026-05-19T19:24:04.3197797+05:30","order_acked":{"request_id":"d40de2ba-c917-460b-b88f-f83f9bb48d6b","status_code":200}}
{"event_type":"order_acked","timestamp":"2026-05-19T19:24:04.3228667+05:30","order_acked":{"request_id":"4c50d26f-7d1a-448f-9dc4-df8d709b4a65","status_code":201}}
{"event_type":"order_acked","timestamp":"2026-05-19T19:24:04.3317568+05:30","order_acked":{"request_id":"e5ba7a5c-e21d-41f9-a06d-d1dfdd5e6486","status_code":201}}
{"event_type":"execution_report","timestamp":"2026-05-19T19:24:04.3359429+05:30","execution":{"order_id":"7e5101dc-3c2f-4636-840d-33dcaf44665e","symbol":"MSFT","side":"BUY","status":"filled","filled_qty":47,"leaves_qty":0,"price":860.47,"timestamp":"2026-05-19T13:54:04Z","match_id":"51d2890e-4300-480c-9daa-70cbb0420279"}}
{"event_type":"order_acked","timestamp":"2026-05-19T19:24:04.3378636+05:30","order_acked":{"request_id":"daa2b339-5a0e-4d3b-9291-1915135e05f6","status_code":201}}
{"event_type":"order_acked","timestamp":"2026-05-19T19:24:04.3407081+05:30","order_acked":{"request_id":"f2b48205-a68c-486a-b20d-5534b05b697b","status_code":200}}
{"event_type":"order_acked","timestamp":"2026-05-19T19:24:04.3434388+05:30","order_acked":{"request_id":"0f58e812-71f1-4d09-851d-b0016ec1e539","status_code":201}}
{"event_type":"execution_report","timestamp":"2026-05-19T19:24:04.3474688+05:30","execution":{"order_id":"b912184a-7b12-4fab-aa85-ed58c0429189","symbol":"GOOG","side":"BUY","status":"filled","filled_qty":85,"leaves_qty":0,"price":800.19,"timestamp":"2026-05-19T13:54:04Z","match_id":"b8a0cecb-1cfe-4692-8cea-51131c0b5fff"}}
{"event_type":"order_acked","timestamp":"2026-05-19T19:24:04.3485721+05:30","order_acked":{"request_id":"f6d00fb1-a369-434c-a68a-49bee1df7a7a","status_code":201}}
{"event_type":"order_acked","timestamp":"2026-05-19T19:24:04.3503677+05:30","order_acked":{"request_id":"1c95b262-3e30-465e-bc5c-0a816e49e6fe","status_code":200}}
{"event_type":"execution_report","timestamp":"2026-05-19T19:24:04.3532639+05:30","execution":{"order_id":"61cff945-119f-4361-b4c4-2c4b91190229","symbol":"AMZN","side":"SELL","status":"filled","filled_qty":50,"leaves_qty":0,"price":835.44,"timestamp":"2026-05-19T13:54:04Z","match_id":"fe0295ea-87ba-42a1-b6d8-5ddfc8916e1c"}}
{"event_type":"order_acked","timestamp":"2026-05-19T19:24:04.3555707+05:30","order_acked":{"request_id":"d0d1c3c7-2443-42c7-8f37-89cc15cf9abf","status_code":201}}
{"event_type":"order_acked","timestamp":"2026-05-19T19:24:04.3573067+05:30","order_acked":{"request_id":"748c4ec4-5aae-42ff-bfcd-75fce839f171","status_code":201}}
{"event_type":"execution_report","timestamp":"2026-05-19T19:24:04.3573067+05:30","execution":{"order_id":"1df31e13-cc7b-4e25-8a15-6173c24cf953","symbol":"GOOG","side":"SELL","status":"filled","filled_qty":19,"leaves_qty":0,"price":237.51,"timestamp":"2026-05-19T13:54:04Z","match_id":"c245bbb5-7451-451b-8a65-28fc58c0ba08"}}
{"event_type":"execution_report","timestamp":"2026-05-19T19:24:04.3595858+05:30","execution":{"order_id":"0469670e-50f2-4e0c-b2a8-8e8604df6eb5","symbol":"GOOG","side":"BUY","status":"filled","filled_qty":52,"leaves_qty":0,"price":723.58,"timestamp":"2026-05-19T13:54:04Z","match_id":"3d6d648c-68fc-469e-808a-5bcef1365f8a"}}
{"event_type":"order_acked","timestamp":"2026-05-19T19:24:04.3639827+05:30","order_acked":{"request_id":"e4100805-32e8-41e0-92c2-554a5698db0a","status_code":201}}
{"event_type":"order_acked","timestamp":"2026-05-19T19:24:04.3672824+05:30","order_acked":{"request_id":"2476ac88-bf57-468b-a0dc-fec0ed4f846b","status_code":201}}
{"event_type":"order_acked","timestamp":"2026-05-19T19:24:04.3683823+05:30","order_acked":{"request_id":"67026c17-1c8b-4296-b1d4-03dc31ee672b","status_code":201}}
{"event_type":"order_acked","timestamp":"2026-05-19T19:24:04.370964+05:30","order_acked":{"request_id":"7e688359-ae19-49f2-957d-bcbf6be7b372","status_code":201}}
{"event_type":"order_acked","timestamp":"2026-05-19T19:24:04.3720712+05:30","order_acked":{"request_id":"a8ea5797-10f6-4e58-a6b0-8ac2965513a8","status_code":201}}
{"event_type":"execution_report","timestamp":"2026-05-19T19:24:04.372613+05:30","execution":{"order_id":"a7362ac7-d8ed-4a51-ab1a-fbbb62420a73","symbol":"AAPL","side":"BUY","status":"filled","filled_qty":65,"leaves_qty":0,"price":500.97,"timestamp":"2026-05-19T13:54:04Z","match_id":"3242abf9-c982-498e-83fb-ce4075d22424"}}
{"event_type":"execution_report","timestamp":"2026-05-19T19:24:04.3754995+05:30","execution":{"order_id":"e372d03e-c0ea-45b1-9e34-2fc4f1ffc89a","symbol":"MSFT","side":"SELL","status":"filled","filled_qty":79,"leaves_qty":0,"price":924.65,"timestamp":"2026-05-19T13:54:04Z","match_id":"3b0e7c05-b5ca-4d43-a6a9-aed2c555cf72"}}
{"event_type":"execution_report","timestamp":"2026-05-19T19:24:04.3787011+05:30","execution":{"order_id":"57fcc1ca-82c7-46e7-a3d9-c1acd90d88ac","symbol":"TSLA","side":"SELL","status":"filled","filled_qty":2,"leaves_qty":0,"price":502.47,"timestamp":"2026-05-19T13:54:04Z","match_id":"a671e558-1697-412e-afb8-88a68a1b0e1c"}}
{"event_type":"order_acked","timestamp":"2026-05-19T19:24:04.3799343+05:30","order_acked":{"request_id":"31673b97-a6c9-414c-96f5-4588d6968f24","status_code":201}}
{"event_type":"order_acked","timestamp":"2026-05-19T19:24:04.3814525+05:30","order_acked":{"request_id":"c8b4bcc4-a59c-45be-923a-877c8dff7f6c","status_code":201}}
{"event_type":"order_acked","timestamp":"2026-05-19T19:24:04.38427+05:30","order_acked":{"request_id":"de1068fc-8653-49ab-b213-0f16834840c6","status_code":200}}
{"event_type":"order_acked","timestamp":"2026-05-19T19:24:04.3857024+05:30","order_acked":{"request_id":"7e33faa9-e22d-4da0-8bb9-a5c5c0cefce3","status_code":201}}
{"event_type":"execution_report","timestamp":"2026-05-19T19:24:04.3867924+05:30","execution":{"order_id":"94d7fdf4-4e14-4d9b-9e1c-66590c15dae3","symbol":"MSFT","side":"SELL","status":"filled","filled_qty":57,"leaves_qty":0,"price":531.03,"timestamp":"2026-05-19T13:54:04Z","match_id":"e1543691-70a6-4259-8dfd-278c4e69c23f"}}
{"event_type":"order_acked","timestamp":"2026-05-19T19:24:04.3879099+05:30","order_acked":{"request_id":"57bac586-6b51-4b58-8e8b-f2f013f6d787","status_code":200}}
{"event_type":"order_acked","timestamp":"2026-05-19T19:24:04.3906699+05:30","order_acked":{"request_id":"5680859d-c5b0-4aaf-b203-f45f6b0c3672","status_code":200}}
{"event_type":"execution_report","timestamp":"2026-05-19T19:24:04.3912032+05:30","execution":{"order_id":"9c40b417-0356-44b2-a288-b037f7fdce1e","symbol":"GOOG","side":"BUY","status":"filled","filled_qty":14,"leaves_qty":0,"price":332.43,"timestamp":"2026-05-19T13:54:04Z","match_id":"5a5497e0-1c4f-4dff-8b6c-4604b6c8c6ef"}}
{"event_type":"order_acked","timestamp":"2026-05-19T19:24:04.3956536+05:30","order_acked":{"request_id":"edc49a34-3619-4af5-b7b8-beef19218648","status_code":201}}
{"event_type":"order_acked","timestamp":"2026-05-19T19:24:04.3984404+05:30","order_acked":{"request_id":"9a57e0fa-a3c9-47d5-a8e3-c33ce12bc9c0","status_code":201}}
{"event_type":"order_acked","timestamp":"2026-05-19T19:24:04.4006799+05:30","order_acked":{"request_id":"a50eee4a-86a4-4bca-bcbe-e7d6c64d7beb","status_code":201}}
{"event_type":"order_acked","timestamp":"2026-05-19T19:24:04.4034656+05:30","order_acked":{"request_id":"a6a35ba0-972d-4af6-a4b5-f8a5d0654664","status_code":201}}
{"event_type":"execution_report","timestamp":"2026-05-19T19:24:04.4045994+05:30","execution":{"order_id":"b94ff24f-3686-41fc-a3a3-5a0208cf8cb0","symbol":"GOOG","side":"BUY","status":"filled","filled_qty":47,"leaves_qty":0,"price":875.14,"timestamp":"2026-05-19T13:54:04Z","match_id":"84480688-0805-4b27-99ec-59391dc3e070"}}
{"event_type":"order_acked","timestamp":"2026-05-19T19:24:04.406303+05:30","order_acked":{"request_id":"0422b1ed-7bb9-46c1-8f8b-d8389a0cd7ab","status_code":201}}
{"event_type":"execution_report","timestamp":"2026-05-19T19:24:04.4089998+05:30","execution":{"order_id":"c949267e-0326-4d88-b8d4-063fdee38896","symbol":"AMZN","side":"BUY","status":"filled","filled_qty":20,"leaves_qty":0,"price":956.46,"timestamp":"2026-05-19T13:54:04Z","match_id":"93579587-e338-4942-8ae7-4839640ea89f"}}
{"event_type":"order_acked","timestamp":"2026-05-19T19:24:04.4106417+05:30","order_acked":{"request_id":"28d50111-0aa4-4e1f-b657-d55e3a8bb49c","status_code":201}}
{"event_type":"order_acked","timestamp":"2026-05-19T19:24:04.4139172+05:30","order_acked":{"request_id":"2d2dee64-961c-4f65-8304-dd82bff86d72","status_code":201}}
{"event_type":"order_acked","timestamp":"2026-05-19T19:24:04.4160975+05:30","order_acked":{"request_id":"0c98a4e4-5c74-4194-9753-c048ab97d413","status_code":200}}
{"event_type":"order_acked","timestamp":"2026-05-19T19:24:04.418353+05:30","order_acked":{"request_id":"acf2e9b1-e4e9-4560-a4d2-25a52f70989e","status_code":200}}
{"event_type":"execution_report","timestamp":"2026-05-19T19:24:04.420028+05:30","execution":{"order_id":"e9fdc213-973e-42c3-a4a6-aaa9ff279d92","symbol":"TSLA","side":"BUY","status":"filled","filled_qty":38,"leaves_qty":0,"price":490.55,"timestamp":"2026-05-19T13:54:04Z","match_id":"2c21a298-db19-4610-999a-3399034c7bef"}}
{"event_type":"order_acked","timestamp":"2026-05-19T19:24:04.420028+05:30","order_acked":{"request_id":"efbbf71a-10d3-42fb-8ce8-6ce219519eef","status_code":201}}
{"event_type":"execution_report","timestamp":"2026-05-19T19:24:04.4249925+05:30","execution":{"order_id":"a998dcf7-dae8-43f6-ae19-0c0a87f27e0f","symbol":"GOOG","side":"BUY","status":"filled","filled_qty":70,"leaves_qty":0,"price":758.42,"timestamp":"2026-05-19T13:54:04Z","match_id":"98dce784-957a-4665-af9d-cf83c6b753ce"}}
{"event_type":"order_acked","timestamp":"2026-05-19T19:24:04.4268313+05:30","order_acked":{"request_id":"96f527ac-d6b2-44f5-9fb6-a55fa8ccffa3","status_code":201}}
{"event_type":"order_acked","timestamp":"2026-05-19T19:24:04.4286401+05:30","order_acked":{"request_id":"00480009-ac7b-4b05-96fa-9e4efdefd977","status_code":200}}
{"event_type":"order_acked","timestamp":"2026-05-19T19:24:04.4292904+05:30","order_acked":{"request_id":"ee7b0e6f-2e3c-4719-a634-2c8247b98502","status_code":201}}
{"event_type":"order_acked","timestamp":"2026-05-19T19:24:04.431637+05:30","order_acked":{"request_id":"5523ffa4-b860-4a44-bc0b-5706ca413684","status_code":201}}
{"event_type":"order_acked","timestamp":"2026-05-19T19:24:04.4333522+05:30","order_acked":{"request_id":"695abd39-4b1c-4909-8951-8b3d46f37626","status_code":200}}
{"event_type":"order_acked","timestamp":"2026-05-19T19:24:04.4355077+05:30","order_acked":{"request_id":"c9d67d1c-c72a-4bcf-8b89-adf09d71efbe","status_code":200}}
{"event_type":"execution_report","timestamp":"2026-05-19T19:24:04.4367538+05:30","execution":{"order_id":"80dacda1-fe8e-4002-8654-c4ff33345d76","symbol":"TSLA","side":"BUY","status":"filled","filled_qty":31,"leaves_qty":0,"price":690.86,"timestamp":"2026-05-19T13:54:04Z","match_id":"2cd32fcd-5ad6-4c9f-b399-c7ace359bc86"}}
{"event_type":"execution_report","timestamp":"2026-05-19T19:24:04.4378948+05:30","execution":{"order_id":"77b239d7-df7f-4940-ae67-4ed1c257fa33","symbol":"MSFT","side":"SELL","status":"filled","filled_qty":51,"leaves_qty":0,"price":514.91,"timestamp":"2026-05-19T13:54:04Z","match_id":"c4fd17a3-8a44-4c04-9aeb-451e3fb934db"}}
{"event_type":"order_acked","timestamp":"2026-05-19T19:24:04.4390123+05:30","order_acked":{"request_id":"c001c92f-1239-4033-b788-f9cee04f3f07","status_code":201}}
{"event_type":"execution_report","timestamp":"2026-05-19T19:24:04.4459213+05:30","execution":{"order_id":"2b9f9bb9-ea1b-40a1-ba8a-6d7753408cc6","symbol":"AAPL","side":"BUY","status":"filled","filled_qty":75,"leaves_qty":0,"price":321.49,"timestamp":"2026-05-19T13:54:04Z","match_id":"d248671b-b031-4e0e-bc70-6fd883996214"}}
{"event_type":"order_acked","timestamp":"2026-05-19T19:24:04.4470413+05:30","order_acked":{"request_id":"73c0abe7-caba-490b-9469-d71e5a93e951","status_code":201}}
{"event_type":"order_acked","timestamp":"2026-05-19T19:24:04.4489872+05:30","order_acked":{"request_id":"378cf714-ae54-482d-ae27-82f064ace63c","status_code":201}}
{"event_type":"order_acked","timestamp":"2026-05-19T19:24:04.4495942+05:30","order_acked":{"request_id":"686d5cf3-e5fa-48d0-9fa2-1c4066cb4aef","status_code":201}}
{"event_type":"order_acked","timestamp":"2026-05-19T19:24:04.4507731+05:30","order_acked":{"request_id":"bcc54af5-faf2-4fb1-be06-b78658cde5bd","status_code":201}}
{"event_type":"order_acked","timestamp":"2026-05-19T19:24:04.4524288+05:30","order_acked":{"request_id":"a32b68d9-e0fb-4d95-bc32-70d69a767d7b","status_code":201}}
{"event_type":"execution_report","timestamp":"2026-05-19T19:24:04.4541515+05:30","execution":{"order_id":"448597b6-70f4-4cf0-94db-7c925d3f515d","symbol":"TSLA","side":"BUY","status":"filled","filled_qty":16,"leaves_qty":0,"price":829.97,"timestamp":"2026-05-19T13:54:04Z","match_id":"ff8e94af-7a50-45d8-8e32-89e9f7b4205d"}}
{"event_type":"execution_report","timestamp":"2026-05-19T19:24:04.4547177+05:30","execution":{"order_id":"7d9f676e-7a93-47f1-a0aa-dd274ac2b744","symbol":"GOOG","side":"SELL","status":"filled","filled_qty":89,"leaves_qty":0,"price":265.07,"timestamp":"2026-05-19T13:54:04Z","match_id":"93e30206-36fb-4f93-94b4-4aa1278aad3e"}}
{"event_type":"execution_report","timestamp":"2026-05-19T19:24:04.4564912+05:30","execution":{"order_id":"35beea0f-efac-4566-b689-5c3777deb3b7","symbol":"AMZN","side":"SELL","status":"filled","filled_qty":29,"leaves_qty":0,"price":733.44,"timestamp":"2026-05-19T13:54:04Z","match_id":"9bcee95b-d1ee-4782-8f4d-e4c4cb48bbba"}}
{"event_type":"execution_report","timestamp":"2026-05-19T19:24:04.4576971+05:30","execution":{"order_id":"f6fa41f5-02a6-4661-b7fd-2090b446aca8","symbol":"AAPL","side":"SELL","status":"filled","filled_qty":72,"leaves_qty":0,"price":201.24,"timestamp":"2026-05-19T13:54:04Z","match_id":"de9c00c5-666f-4bde-a792-4b09440739d5"}}
{"event_type":"order_acked","timestamp":"2026-05-19T19:24:04.4593755+05:30","order_acked":{"request_id":"5881d873-7e25-4334-a5b2-74b70b5564c8","status_code":201}}
{"event_type":"order_acked","timestamp":"2026-05-19T19:24:04.461574+05:30","order_acked":{"request_id":"1089b44e-7535-4103-ad66-35a7da4aa76e","status_code":201}}
{"event_type":"order_acked","timestamp":"2026-05-19T19:24:04.4636467+05:30","order_acked":{"request_id":"9c1484dc-3ba0-448a-8816-74f9434d5037","status_code":201}}
{"event_type":"order_acked","timestamp":"2026-05-19T19:24:04.4647813+05:30","order_acked":{"request_id":"d1228d8b-95c1-4da4-83d4-fcc278dc928e","status_code":201}}
{"event_type":"order_acked","timestamp":"2026-05-19T19:24:04.4686677+05:30","order_acked":{"request_id":"da65108c-8f64-459f-8feb-0ec48709fe68","status_code":200}}
{"event_type":"execution_report","timestamp":"2026-05-19T19:24:04.4686677+05:30","execution":{"order_id":"334b497a-f7af-4cbe-a53b-04c965380caa","symbol":"AAPL","side":"BUY","status":"filled","filled_qty":74,"leaves_qty":0,"price":903.98,"timestamp":"2026-05-19T13:54:04Z","match_id":"54141e0a-7d47-4f2b-a7c7-0b939eb1a36c"}}
{"event_type":"order_acked","timestamp":"2026-05-19T19:24:04.4708995+05:30","order_acked":{"request_id":"4a02fc11-b31c-458c-81ae-f3eb069fa949","status_code":201}}
{"event_type":"order_acked","timestamp":"2026-05-19T19:24:04.4725306+05:30","order_acked":{"request_id":"ce3b5ead-998a-4a03-9009-ba410cc4b08b","status_code":201}}
{"event_type":"execution_report","timestamp":"2026-05-19T19:24:04.4736221+05:30","execution":{"order_id":"6757297b-a79b-43d4-b933-f5c29a324637","symbol":"GOOG","side":"SELL","status":"filled","filled_qty":23,"leaves_qty":0,"price":838.8,"timestamp":"2026-05-19T13:54:04Z","match_id":"0aaf2a17-a4bc-4067-b8b0-60581ea5c37a"}}
{"event_type":"order_acked","timestamp":"2026-05-19T19:24:04.4747341+05:30","order_acked":{"request_id":"69832573-7d61-49ae-8987-4de47c0c0e3c","status_code":201}}
{"event_type":"order_acked","timestamp":"2026-05-19T19:24:04.4871467+05:30","order_acked":{"request_id":"7bdd3aff-4aa0-4168-bb1a-0dfde89090cd","status_code":201}}
{"event_type":"order_acked","timestamp":"2026-05-19T19:24:04.4877507+05:30","order_acked":{"request_id":"6e31881d-6ff2-4f99-947b-7aa7c1e33979","status_code":201}}
{"event_type":"order_acked","timestamp":"2026-05-19T19:24:04.4877507+05:30","order_acked":{"request_id":"92275518-b308-4420-a91f-4d52002ba2dd","status_code":200}}
{"event_type":"order_acked","timestamp":"2026-05-19T19:24:04.4877507+05:30","order_acked":{"request_id":"806c7295-d379-43da-94f2-5bd808904b18","status_code":201}}
{"event_type":"order_acked","timestamp":"2026-05-19T19:24:04.4877507+05:30","order_acked":{"request_id":"151d087b-f00e-4cf9-abf2-4e6f1c4f5072","status_code":201}}
{"event_type":"execution_report","timestamp":"2026-05-19T19:24:04.4877507+05:30","execution":{"order_id":"5d2100f9-3c71-45eb-97b5-38b73fc88348","symbol":"TSLA","side":"BUY","status":"filled","filled_qty":26,"leaves_qty":0,"price":782.8,"timestamp":"2026-05-19T13:54:04Z","match_id":"be61b512-1138-4a0f-bb14-9b64fc89f706"}}
{"event_type":"order_acked","timestamp":"2026-05-19T19:24:04.4894239+05:30","order_acked":{"request_id":"58025eef-e2e7-43d1-98a8-dadbdcd35211","status_code":201}}
{"event_type":"order_acked","timestamp":"2026-05-19T19:24:04.4904822+05:30","order_acked":{"request_id":"d3a5e556-9c50-4622-9430-4f4e437c5476","status_code":200}}
{"event_type":"order_acked","timestamp":"2026-05-19T19:24:04.4943179+05:30","order_acked":{"request_id":"7dc3d5f8-6984-4540-9df1-53ae4ae2650f","status_code":201}}
{"event_type":"execution_report","timestamp":"2026-05-19T19:24:04.4948828+05:30","execution":{"order_id":"c3f7bbaa-88c4-4b9d-a3b3-5c16ab113f25","symbol":"MSFT","side":"BUY","status":"filled","filled_qty":13,"leaves_qty":0,"price":220.92,"timestamp":"2026-05-19T13:54:04Z","match_id":"bda3f1e4-03ee-4010-8052-f56c9a16f486"}}
{"event_type":"order_acked","timestamp":"2026-05-19T19:24:04.4982943+05:30","order_acked":{"request_id":"98b7903d-d047-4a79-ae78-b14bbb15ff64","status_code":200}}
{"event_type":"execution_report","timestamp":"2026-05-19T19:24:04.4994221+05:30","execution":{"order_id":"5d35b485-120e-4650-b17c-5ab7060049bc","symbol":"AMZN","side":"BUY","status":"filled","filled_qty":91,"leaves_qty":0,"price":158.48,"timestamp":"2026-05-19T13:54:04Z","match_id":"edb8869d-3879-4786-a94f-121c654a81c8"}}
{"event_type":"execution_report","timestamp":"2026-05-19T19:24:04.5005376+05:30","execution":{"order_id":"e8a7b9d7-be69-413a-8883-ea3fbdfa9641","symbol":"AAPL","side":"SELL","status":"filled","filled_qty":25,"leaves_qty":0,"price":798.44,"timestamp":"2026-05-19T13:54:04Z","match_id":"4e49d58f-7227-471a-a1a4-a7a69e3363e5"}}
{"event_type":"order_acked","timestamp":"2026-05-19T19:24:04.5037928+05:30","order_acked":{"request_id":"cdc50291-726c-4622-89ee-05460c827ac6","status_code":201}}
{"event_type":"order_acked","timestamp":"2026-05-19T19:24:04.5072237+05:30","order_acked":{"request_id":"06c93043-290a-4f5e-a664-ab01011b576a","status_code":200}}
{"event_type":"order_acked","timestamp":"2026-05-19T19:24:04.5088907+05:30","order_acked":{"request_id":"64a72a02-72b9-40af-b714-a5ca420e5d3b","status_code":201}}
