{"event_type":"order_sent","timestamp":"2026-05-19T11:21:11.2190893+05:30","order_sent":{"request_id":"a120ed0e-c482-4423-ae89-b2429c320eb2","order_id":"","type":"MARKET","symbol":"AMZN","side":"SELL","quantity":14}}
{"event_type":"order_sent","timestamp":"2026-05-19T11:21:11.2190893+05:30","order_sent":{"request_id":"f4366f04-a341-46aa-b131-5a760d0d4460","order_id":"","type":"LIMIT","symbol":"AMZN","side":"SELL","price":545.64,"quantity":49}}
{"event_type":"order_sent","timestamp":"2026-05-19T11:21:11.2196238+05:30","order_sent":{"request_id":"3fa32869-d344-4526-90b2-20423de19eab","order_id":"","type":"MARKET","symbol":"AMZN","side":"SELL","quantity":18}}
{"event_type":"order_sent","timestamp":"2026-05-19T11:21:11.2196238+05:30","order_sent":{"request_id":"52edfcdd-3233-41b9-914a-6e6593439c99","order_id":"","type":"LIMIT","symbol":"AAPL","side":"BUY","price":259.99,"quantity":14}}
{"event_type":"order_sent","timestamp":"2026-05-19T11:21:11.2190893+05:30","order_sent":{"request_id":"99835c17-2433-4ff4-b5a7-141c99a8bbae","order_id":"","type":"MARKET","symbol":"GOOG","side":"BUY","quantity":7}}
{"event_type":"order_sent","timestamp":"2026-05-19T11:21:11.2190893+05:30","order_sent":{"request_id":"dadc864d-7d9c-4ed1-a3de-c4c0dc0e53b7","order_id":"","type":"MARKET","symbol":"MSFT","side":"BUY","quantity":38}}
{"event_type":"order_sent","timestamp":"2026-05-19T11:21:11.2190893+05:30","order_sent":{"request_id":"c21bcc38-5334-4d41-a026-4dedafcc8531","order_id":"","type":"MARKET","symbol":"MSFT","side":"BUY","quantity":38}}
{"event_type":"order_sent","timestamp":"2026-05-19T11:21:11.2190893+05:30","order_sent":{"request_id":"e5ebcfc0-6eb4-4d7c-82c2-378d41b2b5f5","order_id":"","type":"MARKET","symbol":"AAPL","side":"SELL","quantity":32}}
{"event_type":"order_sent","timestamp":"2026-05-19T11:21:11.2190893+05:30","order_sent":{"request_id":"6386bd5f-79ca-46b3-8d3d-752bb1a2dea9","order_id":"","type":"LIMIT","symbol":"GOOG","side":"SELL","price":601.26,"quantity":96}}
{"event_type":"order_sent","timestamp":"2026-05-19T11:21:11.2190893+05:30","order_sent":{"request_id":"187527a0-9a12-4a32-9d02-346e167e84c7","order_id":"","type":"MARKET","symbol":"AMZN","side":"SELL","quantity":23}}
{"event_type":"order_sent","timestamp":"2026-05-19T11:21:11.2190893+05:30","order_sent":{"request_id":"c2a0ba51-a10e-414a-9727-99bd5f1f5f53","order_id":"","type":"MARKET","symbol":"AAPL","side":"BUY","quantity":16}}
{"event_type":"order_sent","timestamp":"2026-05-19T11:21:11.2196238+05:30","order_sent":{"request_id":"84b7270a-ea98-4244-94d0-0d21944f7387","order_id":"ord-4480303383512549581","type":"CANCEL","symbol":"","side":""}}
{"event_type":"order_sent","timestamp":"2026-05-19T11:21:11.2201448+05:30","order_sent":{"request_id":"f9ec2812-ae9d-47fc-bd3c-68a3951210da","order_id":"","type":"LIMIT","symbol":"AAPL","side":"BUY","price":618.95,"quantity":27}}
{"event_type":"order_sent","timestamp":"2026-05-19T11:21:11.2201448+05:30","order_sent":{"request_id":"77c2158d-f5aa-4b44-a576-01b5512dac39","order_id":"","type":"MARKET","symbol":"GOOG","side":"BUY","quantity":40}}
{"event_type":"order_sent","timestamp":"2026-05-19T11:21:11.2201448+05:30","order_sent":{"request_id":"6eec5c05-b181-450c-8cbb-c2b91c50f5d1","order_id":"","type":"LIMIT","symbol":"GOOG","side":"SELL","price":905,"quantity":51}}
{"event_type":"order_sent","timestamp":"2026-05-19T11:21:11.2201448+05:30","order_sent":{"request_id":"fb3ba61d-6c5d-4df9-ba95-a4ebe2f67c4b","order_id":"","type":"MARKET","symbol":"AAPL","side":"BUY","quantity":28}}
{"event_type":"order_sent","timestamp":"2026-05-19T11:21:11.2201448+05:30","order_sent":{"request_id":"7f190d94-53df-4980-a2f7-a6ebfdd4d64e","order_id":"","type":"LIMIT","symbol":"TSLA","side":"SELL","price":540.7,"quantity":43}}
{"event_type":"order_sent","timestamp":"2026-05-19T11:21:11.2201448+05:30","order_sent":{"request_id":"a9b0b96d-acbb-4f5d-9566-890806c5cb67","order_id":"","type":"MARKET","symbol":"TSLA","side":"BUY","quantity":46}}
{"event_type":"order_sent","timestamp":"2026-05-19T11:21:11.2201448+05:30","order_sent":{"request_id":"5436221b-6fe8-4124-8183-880c726fa6ec","order_id":"","type":"LIMIT","symbol":"MSFT","side":"SELL","price":271.29,"quantity":24}}
{"event_type":"order_sent","timestamp":"2026-05-19T11:21:11.2201448+05:30","order_sent":{"request_id":"3afa0c14-8099-4e57-b88a-d98eacb0d71f","order_id":"","type":"MARKET","symbol":"GOOG","side":"BUY","quantity":3}}
{"event_type":"order_sent","timestamp":"2026-05-19T11:21:11.2201448+05:30","order_sent":{"request_id":"8c5875d7-1ff4-4f00-a48f-f85ed9d3e272","order_id":"","type":"LIMIT","symbol":"AMZN","side":"BUY","price":705.67,"quantity":74}}
{"event_type":"order_sent","timestamp":"2026-05-19T11:21:11.2201448+05:30","order_sent":{"request_id":"450ab578-a1ca-4c77-9ddc-1cfce5c2093a","order_id":"","type":"MARKET","symbol":"GOOG","side":"SELL","quantity":49}}
{"event_type":"order_sent","timestamp":"2026-05-19T11:21:11.2201448+05:30","order_sent":{"request_id":"d92c8cc5-ab5d-46b7-8886-062fd4b6217b","order_id":"ord-2288291887222519340","type":"CANCEL","symbol":"","side":""}}
{"event_type":"order_sent","timestamp":"2026-05-19T11:21:11.2201448+05:30","order_sent":{"request_id":"a77f5560-8405-490e-9971-e51841f0eb2c","order_id":"","type":"MARKET","symbol":"AMZN","side":"BUY","quantity":41}}
{"event_type":"order_sent","timestamp":"2026-05-19T11:21:11.2201448+05:30","order_sent":{"request_id":"93bdb413-3796-4833-a846-4db01fd8a89a","order_id":"","type":"LIMIT","symbol":"AAPL","side":"BUY","price":712.13,"quantity":12}}
{"event_type":"order_sent","timestamp":"2026-05-19T11:21:11.2201448+05:30","order_sent":{"request_id":"a5ac9a89-37a2-4153-b4ba-5ac8f8990cb0","order_id":"","type":"LIMIT","symbol":"MSFT","side":"BUY","price":151.79,"quantity":46}}
{"event_type":"order_sent","timestamp":"2026-05-19T11:21:11.2201448+05:30","order_sent":{"request_id":"8b286b15-cc2d-4c50-8d2c-456909827a38","order_id":"ord-8318607085055588606","type":"CANCEL","symbol":"","side":""}}
{"event_type":"order_sent","timestamp":"2026-05-19T11:21:11.2201448+05:30","order_sent":{"request_id":"d4f6f552-c18e-4264-8b52-b8e6aa181047","order_id":"","type":"LIMIT","symbol":"AMZN","side":"BUY","price":802.33,"quantity":66}}
{"event_type":"order_sent","timestamp":"2026-05-19T11:21:11.2201448+05:30","order_sent":{"request_id":"e8d29d25-4649-49b1-b766-97705540fac6","order_id":"","type":"LIMIT","symbol":"AAPL","side":"SELL","price":778.56,"quantity":75}}
{"event_type":"order_sent","timestamp":"2026-05-19T11:21:11.2201448+05:30","order_sent":{"request_id":"5619b9e7-1349-4c31-9782-80733da0766d","order_id":"ord-4694448932395202316","type":"CANCEL","symbol":"","side":""}}
{"event_type":"order_sent","timestamp":"2026-05-19T11:21:11.2201448+05:30","order_sent":{"request_id":"1d4415ba-8540-4091-873c-8a7552fcceac","order_id":"","type":"LIMIT","symbol":"MSFT","side":"SELL","price":860.5,"quantity":30}}
{"event_type":"order_sent","timestamp":"2026-05-19T11:21:11.2201448+05:30","order_sent":{"request_id":"d1b73b9c-1e96-4d79-99d9-6fb8c9615807","order_id":"ord-5037541566859978020","type":"CANCEL","symbol":"","side":""}}
{"event_type":"order_sent","timestamp":"2026-05-19T11:21:11.2201448+05:30","order_sent":{"request_id":"179e53a2-9871-478b-b8a2-bc8a45352246","order_id":"","type":"LIMIT","symbol":"GOOG","side":"SELL","price":931.39,"quantity":61}}
{"event_type":"order_sent","timestamp":"2026-05-19T11:21:11.2201448+05:30","order_sent":{"request_id":"12c6f1ea-96a0-4eb9-ad01-ec59f1cad150","order_id":"","type":"LIMIT","symbol":"AAPL","side":"SELL","price":492.73,"quantity":82}}
{"event_type":"order_sent","timestamp":"2026-05-19T11:21:11.2190893+05:30","order_sent":{"request_id":"5400fefe-c2ca-49ff-8e9a-db62da3f9a29","order_id":"","type":"LIMIT","symbol":"AMZN","side":"BUY","price":341.86,"quantity":13}}
{"event_type":"order_sent","timestamp":"2026-05-19T11:21:11.2201448+05:30","order_sent":{"request_id":"c680a5da-2022-4e30-b107-944d7acb108a","order_id":"","type":"LIMIT","symbol":"TSLA","side":"SELL","price":900.15,"quantity":27}}
{"event_type":"order_sent","timestamp":"2026-05-19T11:21:11.2201448+05:30","order_sent":{"request_id":"c07bed26-1a51-4ecb-ac89-3e82e232f00e","order_id":"","type":"LIMIT","symbol":"AAPL","side":"BUY","price":809.9,"quantity":18}}
{"event_type":"order_sent","timestamp":"2026-05-19T11:21:11.2201448+05:30","order_sent":{"request_id":"ba82db00-12e7-436e-a968-180a96395b1f","order_id":"","type":"MARKET","symbol":"AMZN","side":"BUY","quantity":42}}
{"event_type":"order_sent","timestamp":"2026-05-19T11:21:11.2206726+05:30","order_sent":{"request_id":"f6f1ba13-6d13-4ce9-8a33-98c4ef3feae6","order_id":"","type":"MARKET","symbol":"GOOG","side":"SELL","quantity":36}}
{"event_type":"order_sent","timestamp":"2026-05-19T11:21:11.2201448+05:30","order_sent":{"request_id":"72972c41-c5f2-4f4d-a5e0-ce194dba6fd9","order_id":"","type":"LIMIT","symbol":"GOOG","side":"BUY","price":402.61,"quantity":75}}
{"event_type":"execution_report","timestamp":"2026-05-19T11:21:11.2511758+05:30","execution":{"order_id":"74dd5a90-beb4-4730-b0c6-7b90ba21f835","symbol":"AMZN","side":"SELL","status":"filled","filled_qty":49,"leaves_qty":0,"price":545.64,"timestamp":"2026-05-19T05:51:11Z","match_id":"31816bcd-9b51-42cc-8138-5e73de610e6e"}}
{"event_type":"order_sent","timestamp":"2026-05-19T11:21:11.2217813+05:30","order_sent":{"request_id":"ae81f2f6-ea50-4279-bb80-f4fa86b64727","order_id":"","type":"LIMIT","symbol":"GOOG","side":"SELL","price":285.63,"quantity":90}}
{"event_type":"order_sent","timestamp":"2026-05-19T11:21:11.2217813+05:30","order_sent":{"request_id":"5823583a-d6b9-464a-8734-74337506a9c9","order_id":"","type":"LIMIT","symbol":"GOOG","side":"SELL","price":503.56,"quantity":16}}
{"event_type":"order_sent","timestamp":"2026-05-19T11:21:11.2217813+05:30","order_sent":{"request_id":"a7703549-d502-4329-b8e9-c8f4dbc00e1d","order_id":"","type":"MARKET","symbol":"TSLA","side":"BUY","quantity":35}}
{"event_type":"order_sent","timestamp":"2026-05-19T11:21:11.2217813+05:30","order_sent":{"request_id":"74cca1fa-b787-43b6-94c6-5705d08843fe","order_id":"","type":"LIMIT","symbol":"TSLA","side":"SELL","price":287.78,"quantity":72}}
{"event_type":"order_sent","timestamp":"2026-05-19T11:21:11.2217813+05:30","order_sent":{"request_id":"492cc338-960d-45db-a749-80c49f45a2aa","order_id":"ord-8560417251071628333","type":"CANCEL","symbol":"","side":""}}
{"event_type":"order_sent","timestamp":"2026-05-19T11:21:11.2217813+05:30","order_sent":{"request_id":"81e23a1b-82bd-432b-a114-07e7ab2bdcef","order_id":"ord-7372571192763113292","type":"CANCEL","symbol":"","side":""}}
{"event_type":"order_sent","timestamp":"2026-05-19T11:21:11.2217813+05:30","order_sent":{"request_id":"03548103-9003-4f28-a9ec-a04e827069b6","order_id":"","type":"MARKET","symbol":"TSLA","side":"SELL","quantity":42}}
{"event_type":"order_sent","timestamp":"2026-05-19T11:21:11.2217813+05:30","order_sent":{"request_id":"870498d4-1c4e-4a80-a2ca-3afa0b1bd738","order_id":"","type":"LIMIT","symbol":"GOOG","side":"SELL","price":542.59,"quantity":79}}
{"event_type":"order_sent","timestamp":"2026-05-19T11:21:11.2217813+05:30","order_sent":{"request_id":"9e2457f8-f147-4a81-a759-f50c1b8dced9","order_id":"ord-2755350864804953970","type":"CANCEL","symbol":"","side":""}}
{"event_type":"order_sent","timestamp":"2026-05-19T11:21:11.2217813+05:30","order_sent":{"request_id":"c1b67124-d518-419a-987a-b028245abe0f","order_id":"","type":"LIMIT","symbol":"AAPL","side":"BUY","price":199.33,"quantity":79}}
{"event_type":"order_sent","timestamp":"2026-05-19T11:21:11.2217813+05:30","order_sent":{"request_id":"8f3eb777-00aa-4908-81d2-8bfea54c2ad6","order_id":"ord-9009942644858867803","type":"CANCEL","symbol":"","side":""}}
{"event_type":"order_sent","timestamp":"2026-05-19T11:21:11.2217813+05:30","order_sent":{"request_id":"43cdef2e-7822-4963-bfb8-2d6c747fca79","order_id":"","type":"MARKET","symbol":"AAPL","side":"BUY","quantity":14}}
{"event_type":"order_sent","timestamp":"2026-05-19T11:21:11.2217813+05:30","order_sent":{"request_id":"77a683a8-394c-47b1-9d2e-ba6eaa6ec370","order_id":"ord-4451949847870281367","type":"CANCEL","symbol":"","side":""}}
{"event_type":"order_sent","timestamp":"2026-05-19T11:21:11.2217813+05:30","order_sent":{"request_id":"16a51f0f-60ae-4a21-b7ff-e8f158c9dca2","order_id":"","type":"LIMIT","symbol":"MSFT","side":"BUY","price":295.63,"quantity":62}}
{"event_type":"order_sent","timestamp":"2026-05-19T11:21:11.2217813+05:30","order_sent":{"request_id":"1063f130-a166-4fe9-997c-6266e7e0d5e4","order_id":"","type":"LIMIT","symbol":"MSFT","side":"BUY","price":896.67,"quantity":84}}
{"event_type":"order_sent","timestamp":"2026-05-19T11:21:11.2217813+05:30","order_sent":{"request_id":"41883263-dd44-4216-90a9-8d3e67fec92b","order_id":"","type":"MARKET","symbol":"GOOG","side":"SELL","quantity":3}}
{"event_type":"order_sent","timestamp":"2026-05-19T11:21:11.2217813+05:30","order_sent":{"request_id":"b49f9c21-35f3-4a27-9056-7a3ecc3abde9","order_id":"","type":"MARKET","symbol":"AMZN","side":"BUY","quantity":12}}
{"event_type":"order_sent","timestamp":"2026-05-19T11:21:11.2217813+05:30","order_sent":{"request_id":"fbf0abdc-446d-49fd-8d37-69ce7dd05807","order_id":"","type":"MARKET","symbol":"AAPL","side":"BUY","quantity":25}}
{"event_type":"order_sent","timestamp":"2026-05-19T11:21:11.2217813+05:30","order_sent":{"request_id":"0154df01-7941-4c0a-a025-c354b6474989","order_id":"","type":"MARKET","symbol":"AMZN","side":"BUY","quantity":48}}
{"event_type":"order_sent","timestamp":"2026-05-19T11:21:11.2217813+05:30","order_sent":{"request_id":"945abdc3-c3a1-426a-9ab7-3cfd10898069","order_id":"","type":"LIMIT","symbol":"AMZN","side":"SELL","price":826.2,"quantity":53}}
{"event_type":"order_sent","timestamp":"2026-05-19T11:21:11.2217813+05:30","order_sent":{"request_id":"6055d27b-6fed-480e-bfe2-742c52b372af","order_id":"","type":"LIMIT","symbol":"GOOG","side":"BUY","price":541.03,"quantity":67}}
{"event_type":"order_sent","timestamp":"2026-05-19T11:21:11.2217813+05:30","order_sent":{"request_id":"0045eeb5-06d4-4d5c-a10d-f1c7e4e63f55","order_id":"","type":"MARKET","symbol":"AMZN","side":"BUY","quantity":41}}
{"event_type":"order_sent","timestamp":"2026-05-19T11:21:11.2217813+05:30","order_sent":{"request_id":"0355ad8b-724c-482a-af84-fa78e966e4da","order_id":"","type":"LIMIT","symbol":"MSFT","side":"BUY","price":139.07,"quantity":26}}
{"event_type":"order_acked","timestamp":"2026-05-19T11:21:11.2542209+05:30","order_acked":{"request_id":"52edfcdd-3233-41b9-914a-6e6593439c99","status_code":201}}
{"event_type":"order_sent","timestamp":"2026-05-19T11:21:11.2217813+05:30","order_sent":{"request_id":"e792ce50-ce47-4f93-b4ec-adb2bc29f6ea","order_id":"","type":"MARKET","symbol":"TSLA","side":"BUY","quantity":37}}
{"event_type":"order_sent","timestamp":"2026-05-19T11:21:11.2217813+05:30","order_sent":{"request_id":"7aa4f4a0-347c-44b9-ac97-00c0570d3806","order_id":"","type":"LIMIT","symbol":"TSLA","side":"BUY","price":850.03,"quantity":1}}
{"event_type":"order_sent","timestamp":"2026-05-19T11:21:11.2217813+05:30","order_sent":{"request_id":"a3585e91-19df-4494-a935-33efb7b73052","order_id":"","type":"LIMIT","symbol":"MSFT","side":"SELL","price":760.71,"quantity":72}}
{"event_type":"order_sent","timestamp":"2026-05-19T11:21:11.2217813+05:30","order_sent":{"request_id":"f098548c-4f57-411c-8f51-aa757ef5ac27","order_id":"ord-7420788314949168322","type":"CANCEL","symbol":"","side":""}}
{"event_type":"order_sent","timestamp":"2026-05-19T11:21:11.2217813+05:30","order_sent":{"request_id":"f2ea5218-f028-41bd-b5d9-6b7d18f3a323","order_id":"","type":"LIMIT","symbol":"AMZN","side":"BUY","price":549.55,"quantity":84}}
{"event_type":"order_sent","timestamp":"2026-05-19T11:21:11.2217813+05:30","order_sent":{"request_id":"84c21696-4a17-4374-a9fd-678f4005a2a9","order_id":"","type":"LIMIT","symbol":"AAPL","side":"SELL","price":313.44,"quantity":53}}
{"event_type":"order_sent","timestamp":"2026-05-19T11:21:11.2217813+05:30","order_sent":{"request_id":"4ba2beaa-2fb6-4ff5-96ed-7d039e8ec9b3","order_id":"","type":"LIMIT","symbol":"AMZN","side":"SELL","price":359.77,"quantity":71}}
{"event_type":"order_sent","timestamp":"2026-05-19T11:21:11.2217813+05:30","order_sent":{"request_id":"b119b678-9ec5-415d-9b45-cd04743110f9","order_id":"","type":"MARKET","symbol":"GOOG","side":"SELL","quantity":22}}
{"event_type":"order_sent","timestamp":"2026-05-19T11:21:11.2217813+05:30","order_sent":{"request_id":"814fbac7-57d5-40af-b2b1-d8a4c2466007","order_id":"","type":"MARKET","symbol":"AMZN","side":"SELL","quantity":5}}
{"event_type":"order_sent","timestamp":"2026-05-19T11:21:11.2217813+05:30","order_sent":{"request_id":"fdfbb024-6865-41ab-a4e8-ba25954c9c11","order_id":"ord-7451866868743736008","type":"CANCEL","symbol":"","side":""}}
{"event_type":"order_sent","timestamp":"2026-05-19T11:21:11.2217813+05:30","order_sent":{"request_id":"65d6990b-f4b1-448a-8813-e86fb4967765","order_id":"","type":"LIMIT","symbol":"TSLA","side":"SELL","price":885.92,"quantity":20}}
{"event_type":"order_sent","timestamp":"2026-05-19T11:21:11.2217813+05:30","order_sent":{"request_id":"459f53e4-4883-4b66-b016-ecd9c076e80b","order_id":"","type":"LIMIT","symbol":"GOOG","side":"BUY","price":226.72,"quantity":86}}
{"event_type":"order_sent","timestamp":"2026-05-19T11:21:11.2217813+05:30","order_sent":{"request_id":"9f8055c9-e28d-4f19-bc91-e3329d50392f","order_id":"ord-5225427940993806054","type":"CANCEL","symbol":"","side":""}}
{"event_type":"order_sent","timestamp":"2026-05-19T11:21:11.2217813+05:30","order_sent":{"request_id":"6e291462-e59b-47f7-a8b2-f10bdbc1978f","order_id":"ord-859595839512702863","type":"CANCEL","symbol":"","side":""}}
{"event_type":"order_sent","timestamp":"2026-05-19T11:21:11.2217813+05:30","order_sent":{"request_id":"3fbee8d7-92bf-4168-b94b-ff863333f03b","order_id":"","type":"LIMIT","symbol":"TSLA","side":"BUY","price":568,"quantity":93}}
{"event_type":"order_acked","timestamp":"2026-05-19T11:21:11.2573157+05:30","order_acked":{"request_id":"e5ebcfc0-6eb4-4d7c-82c2-378d41b2b5f5","status_code":201}}
{"event_type":"order_sent","timestamp":"2026-05-19T11:21:11.2217813+05:30","order_sent":{"request_id":"0613d2b6-8b12-4709-9cd0-cceb1e0ca575","order_id":"","type":"LIMIT","symbol":"AMZN","side":"BUY","price":585.22,"quantity":66}}
{"event_type":"order_sent","timestamp":"2026-05-19T11:21:11.2217813+05:30","order_sent":{"request_id":"b909d36e-0527-4753-a671-e4c5044b025c","order_id":"","type":"MARKET","symbol":"AMZN","side":"SELL","quantity":22}}
{"event_type":"order_sent","timestamp":"2026-05-19T11:21:11.2217813+05:30","order_sent":{"request_id":"41cfb976-aad7-4ba9-a7d9-be6ae0de1eed","order_id":"","type":"LIMIT","symbol":"TSLA","side":"BUY","price":987.41,"quantity":46}}
{"event_type":"order_sent","timestamp":"2026-05-19T11:21:11.2217813+05:30","order_sent":{"request_id":"60ec8867-3b79-412d-9296-0791bd19dc1b","order_id":"","type":"MARKET","symbol":"AMZN","side":"SELL","quantity":44}}
{"event_type":"order_sent","timestamp":"2026-05-19T11:21:11.2217813+05:30","order_sent":{"request_id":"811402af-547d-4dd6-bd8b-de96d67a039a","order_id":"","type":"MARKET","symbol":"GOOG","side":"BUY","quantity":10}}
{"event_type":"order_sent","timestamp":"2026-05-19T11:21:11.2217813+05:30","order_sent":{"request_id":"4ce2e911-af6e-4c9e-8f35-7b00818598fd","order_id":"","type":"LIMIT","symbol":"AMZN","side":"BUY","price":659.59,"quantity":69}}
{"event_type":"order_sent","timestamp":"2026-05-19T11:21:11.2217813+05:30","order_sent":{"request_id":"081e82ee-de3b-492d-a7a7-9a237ca051af","order_id":"","type":"MARKET","symbol":"TSLA","side":"BUY","quantity":45}}
{"event_type":"order_sent","timestamp":"2026-05-19T11:21:11.2217813+05:30","order_sent":{"request_id":"1138119e-427c-4e45-bd5f-f435b83ee77a","order_id":"","type":"MARKET","symbol":"MSFT","side":"SELL","quantity":7}}
{"event_type":"order_sent","timestamp":"2026-05-19T11:21:11.2217813+05:30","order_sent":{"request_id":"d51c7d6b-7d6e-44bb-87cc-1227233e6e89","order_id":"","type":"MARKET","symbol":"AMZN","side":"BUY","quantity":5}}
{"event_type":"order_sent","timestamp":"2026-05-19T11:21:11.2217813+05:30","order_sent":{"request_id":"4252bd14-06a3-453f-ba89-67107cc1600c","order_id":"ord-4052081301669948416","type":"CANCEL","symbol":"","side":""}}
{"event_type":"order_sent","timestamp":"2026-05-19T11:21:11.2217813+05:30","order_sent":{"request_id":"3125cecc-a7ec-4ed8-97eb-a9fdfcac510b","order_id":"","type":"LIMIT","symbol":"GOOG","side":"BUY","price":967.07,"quantity":94}}
{"event_type":"order_sent","timestamp":"2026-05-19T11:21:11.2217813+05:30","order_sent":{"request_id":"f5fb548b-a479-4bc1-9c67-31ba0e61f9ed","order_id":"","type":"LIMIT","symbol":"AMZN","side":"BUY","price":540.96,"quantity":52}}
{"event_type":"order_sent","timestamp":"2026-05-19T11:21:11.2217813+05:30","order_sent":{"request_id":"860f033f-517a-4033-8e5d-02f11926bf3e","order_id":"","type":"MARKET","symbol":"MSFT","side":"BUY","quantity":32}}
{"event_type":"order_sent","timestamp":"2026-05-19T11:21:11.2217813+05:30","order_sent":{"request_id":"2c0ca16d-961a-4317-9197-40c5437a05e7","order_id":"","type":"MARKET","symbol":"MSFT","side":"BUY","quantity":46}}
{"event_type":"order_sent","timestamp":"2026-05-19T11:21:11.2217813+05:30","order_sent":{"request_id":"4c563de5-87b6-4599-81fa-8f31645c17cb","order_id":"","type":"LIMIT","symbol":"TSLA","side":"BUY","price":503.05,"quantity":38}}
{"event_type":"order_sent","timestamp":"2026-05-19T11:21:11.2217813+05:30","order_sent":{"request_id":"f03651f5-5bc9-413b-b207-a7b956a5bd5b","order_id":"","type":"MARKET","symbol":"MSFT","side":"SELL","quantity":43}}
{"event_type":"order_sent","timestamp":"2026-05-19T11:21:11.2217813+05:30","order_sent":{"request_id":"18b8c159-6757-4e02-9596-f65927ce208c","order_id":"","type":"MARKET","symbol":"MSFT","side":"SELL","quantity":18}}
{"event_type":"order_sent","timestamp":"2026-05-19T11:21:11.2217813+05:30","order_sent":{"request_id":"f1ed856c-2c73-419d-8238-adf5c68690fb","order_id":"","type":"MARKET","symbol":"GOOG","side":"BUY","quantity":32}}
{"event_type":"order_sent","timestamp":"2026-05-19T11:21:11.2217813+05:30","order_sent":{"request_id":"d7a52eb5-d929-456b-9921-3aa8db129dc9","order_id":"","type":"LIMIT","symbol":"AMZN","side":"BUY","price":486.37,"quantity":95}}
{"event_type":"order_sent","timestamp":"2026-05-19T11:21:11.2217813+05:30","order_sent":{"request_id":"77fba7cc-00e5-464f-a975-f15b45301d2d","order_id":"","type":"MARKET","symbol":"AMZN","side":"SELL","quantity":26}}
{"event_type":"order_sent","timestamp":"2026-05-19T11:21:11.2217813+05:30","order_sent":{"request_id":"0cb04f6a-65b6-46e8-8c75-5faed1403172","order_id":"","type":"LIMIT","symbol":"GOOG","side":"SELL","price":425.06,"quantity":7}}
{"event_type":"order_sent","timestamp":"2026-05-19T11:21:11.2217813+05:30","order_sent":{"request_id":"f19042a0-dc2b-4b8c-84f6-62d38d0d79db","order_id":"","type":"LIMIT","symbol":"MSFT","side":"BUY","price":700.48,"quantity":37}}
{"event_type":"order_acked","timestamp":"2026-05-19T11:21:11.2291332+05:30","order_acked":{"request_id":"a120ed0e-c482-4423-ae89-b2429c320eb2","status_code":201}}
{"event_type":"order_acked","timestamp":"2026-05-19T11:21:11.2302238+05:30","order_acked":{"request_id":"f4366f04-a341-46aa-b131-5a760d0d4460","status_code":201}}
{"event_type":"order_acked","timestamp":"2026-05-19T11:21:11.2463592+05:30","order_acked":{"request_id":"3fa32869-d344-4526-90b2-20423de19eab","status_code":201}}
{"event_type":"order_acked","timestamp":"2026-05-19T11:21:11.2526973+05:30","order_acked":{"request_id":"6386bd5f-79ca-46b3-8d3d-752bb1a2dea9","status_code":201}}
{"event_type":"execution_report","timestamp":"2026-05-19T11:21:11.2542209+05:30","execution":{"order_id":"9ae59f5b-d0d0-4ee0-86c0-4458271675df","symbol":"GOOG","side":"SELL","status":"filled","filled_qty":96,"leaves_qty":0,"price":601.26,"timestamp":"2026-05-19T05:51:11Z","match_id":"27053f7b-8ffd-4703-ac66-157346dc19d2"}}
{"event_type":"execution_report","timestamp":"2026-05-19T11:21:11.261117+05:30","execution":{"order_id":"ea6ff776-bd51-4e5b-82da-5950982c98f9","symbol":"AAPL","side":"BUY","status":"filled","filled_qty":14,"leaves_qty":0,"price":259.99,"timestamp":"2026-05-19T05:51:11Z","match_id":"1fac2efb-6278-4ba0-bf62-b50399298e61"}}
{"event_type":"order_acked","timestamp":"2026-05-19T11:21:11.2616514+05:30","order_acked":{"request_id":"84b7270a-ea98-4244-94d0-0d21944f7387","status_code":200}}
{"event_type":"order_acked","timestamp":"2026-05-19T11:21:11.2635254+05:30","order_acked":{"request_id":"99835c17-2433-4ff4-b5a7-141c99a8bbae","status_code":201}}
{"event_type":"order_acked","timestamp":"2026-05-19T11:21:11.2690704+05:30","order_acked":{"request_id":"dadc864d-7d9c-4ed1-a3de-c4c0dc0e53b7","status_code":201}}
{"event_type":"order_acked","timestamp":"2026-05-19T11:21:11.2810914+05:30","order_acked":{"request_id":"187527a0-9a12-4a32-9d02-346e167e84c7","status_code":201}}
{"event_type":"order_acked","timestamp":"2026-05-19T11:21:11.2872553+05:30","order_acked":{"request_id":"d92c8cc5-ab5d-46b7-8886-062fd4b6217b","status_code":200}}
{"event_type":"order_acked","timestamp":"2026-05-19T11:21:11.2922304+05:30","order_acked":{"request_id":"8c5875d7-1ff4-4f00-a48f-f85ed9d3e272","status_code":201}}
{"event_type":"order_acked","timestamp":"2026-05-19T11:21:11.2952513+05:30","order_acked":{"request_id":"f9ec2812-ae9d-47fc-bd3c-68a3951210da","status_code":201}}
{"event_type":"execution_report","timestamp":"2026-05-19T11:21:11.3008132+05:30","execution":{"order_id":"b2021c48-615b-4b07-b474-c7a449cbb7ff","symbol":"AMZN","side":"BUY","status":"filled","filled_qty":74,"leaves_qty":0,"price":705.67,"timestamp":"2026-05-19T05:51:11Z","match_id":"d72786f7-4988-4d4b-b2fe-2ce9510abf4d"}}
{"event_type":"execution_report","timestamp":"2026-05-19T11:21:11.3013814+05:30","execution":{"order_id":"794d0a2e-08d3-49fb-9866-cbdae6227dd8","symbol":"AAPL","side":"BUY","status":"filled","filled_qty":27,"leaves_qty":0,"price":618.95,"timestamp":"2026-05-19T05:51:11Z","match_id":"928c722d-7732-4611-89ac-d047ef1d50aa"}}
{"event_type":"order_acked","timestamp":"2026-05-19T11:21:11.3041943+05:30","order_acked":{"request_id":"450ab578-a1ca-4c77-9ddc-1cfce5c2093a","status_code":201}}
{"event_type":"order_acked","timestamp":"2026-05-19T11:21:11.3059155+05:30","order_acked":{"request_id":"5436221b-6fe8-4124-8183-880c726fa6ec","status_code":201}}
{"event_type":"order_acked","timestamp":"2026-05-19T11:21:11.3116222+05:30","order_acked":{"request_id":"77c2158d-f5aa-4b44-a576-01b5512dac39","status_code":201}}
{"event_type":"execution_report","timestamp":"2026-05-19T11:21:11.3190482+05:30","execution":{"order_id":"cac231d1-1e63-4ff3-bee8-c29fd108d61f","symbol":"MSFT","side":"SELL","status":"filled","filled_qty":24,"leaves_qty":0,"price":271.29,"timestamp":"2026-05-19T05:51:11Z","match_id":"e8a4160b-a416-45be-881e-b0fce720a147"}}
{"event_type":"order_acked","timestamp":"2026-05-19T11:21:11.3265198+05:30","order_acked":{"request_id":"fb3ba61d-6c5d-4df9-ba95-a4ebe2f67c4b","status_code":201}}
{"event_type":"order_acked","timestamp":"2026-05-19T11:21:11.3265198+05:30","order_acked":{"request_id":"6eec5c05-b181-450c-8cbb-c2b91c50f5d1","status_code":201}}
{"event_type":"order_acked","timestamp":"2026-05-19T11:21:11.3275306+05:30","order_acked":{"request_id":"a77f5560-8405-490e-9971-e51841f0eb2c","status_code":201}}
{"event_type":"order_acked","timestamp":"2026-05-19T11:21:11.3302542+05:30","order_acked":{"request_id":"c2a0ba51-a10e-414a-9727-99bd5f1f5f53","status_code":201}}
{"event_type":"order_acked","timestamp":"2026-05-19T11:21:11.3369212+05:30","order_acked":{"request_id":"a9b0b96d-acbb-4f5d-9566-890806c5cb67","status_code":201}}
{"event_type":"execution_report","timestamp":"2026-05-19T11:21:11.3375054+05:30","execution":{"order_id":"8509e5bb-1c68-4f7c-b415-06a515791d16","symbol":"GOOG","side":"SELL","status":"filled","filled_qty":51,"leaves_qty":0,"price":905,"timestamp":"2026-05-19T05:51:11Z","match_id":"7f5e3962-a3ab-47a0-a561-7dea1ec88fde"}}
{"event_type":"order_acked","timestamp":"2026-05-19T11:21:11.3701884+05:30","order_acked":{"request_id":"a5ac9a89-37a2-4153-b4ba-5ac8f8990cb0","status_code":201}}
{"event_type":"order_acked","timestamp":"2026-05-19T11:21:11.3701884+05:30","order_acked":{"request_id":"c07bed26-1a51-4ecb-ac89-3e82e232f00e","status_code":201}}
{"event_type":"order_acked","timestamp":"2026-05-19T11:21:11.3701884+05:30","order_acked":{"request_id":"8b286b15-cc2d-4c50-8d2c-456909827a38","status_code":200}}
{"event_type":"order_acked","timestamp":"2026-05-19T11:21:11.3701884+05:30","order_acked":{"request_id":"5619b9e7-1349-4c31-9782-80733da0766d","status_code":200}}
{"event_type":"order_acked","timestamp":"2026-05-19T11:21:11.3701884+05:30","order_acked":{"request_id":"3afa0c14-8099-4e57-b88a-d98eacb0d71f","status_code":201}}
{"event_type":"execution_report","timestamp":"2026-05-19T11:21:11.3701884+05:30","execution":{"order_id":"3e2e79b8-2504-454a-92ec-a0239fbf3475","symbol":"TSLA","side":"SELL","status":"filled","filled_qty":43,"leaves_qty":0,"price":540.7,"timestamp":"2026-05-19T05:51:11Z","match_id":"71143781-5000-45e6-9a38-512322c4b76f"}}
{"event_type":"execution_report","timestamp":"2026-05-19T11:21:11.3701884+05:30","execution":{"order_id":"fc7146d9-ca60-4253-b0fb-27d368e20e97","symbol":"AAPL","side":"BUY","status":"filled","filled_qty":18,"leaves_qty":0,"price":809.9,"timestamp":"2026-05-19T05:51:11Z","match_id":"12630f53-65f1-4fc3-9b12-26ec8a0614af"}}
{"event_type":"execution_report","timestamp":"2026-05-19T11:21:11.3701884+05:30","execution":{"order_id":"b3089037-8f4a-44b9-bbe5-3e2c8d18c7d3","symbol":"MSFT","side":"BUY","status":"filled","filled_qty":46,"leaves_qty":0,"price":151.79,"timestamp":"2026-05-19T05:51:11Z","match_id":"f519382f-ab2a-4dd1-b6dd-b6e63bf429ff"}}
{"event_type":"execution_report","timestamp":"2026-05-19T11:21:11.3701884+05:30","execution":{"order_id":"6f1fa61c-9f77-4fa6-b339-af041aa49623","symbol":"AAPL","side":"SELL","status":"filled","filled_qty":75,"leaves_qty":0,"price":778.56,"timestamp":"2026-05-19T05:51:11Z","match_id":"753a9b4e-0491-4c3a-856f-53d410a5d7ec"}}
{"event_type":"order_acked","timestamp":"2026-05-19T11:21:11.3701884+05:30","order_acked":{"request_id":"c21bcc38-5334-4d41-a026-4dedafcc8531","status_code":201}}
{"event_type":"order_acked","timestamp":"2026-05-19T11:21:11.3711994+05:30","order_acked":{"request_id":"7f190d94-53df-4980-a2f7-a6ebfdd4d64e","status_code":201}}
{"event_type":"order_acked","timestamp":"2026-05-19T11:21:11.3747613+05:30","order_acked":{"request_id":"e8d29d25-4649-49b1-b766-97705540fac6","status_code":201}}
{"event_type":"order_acked","timestamp":"2026-05-19T11:21:11.3827943+05:30","order_acked":{"request_id":"ba82db00-12e7-436e-a968-180a96395b1f","status_code":201}}
{"event_type":"order_acked","timestamp":"2026-05-19T11:21:11.3873087+05:30","order_acked":{"request_id":"d1b73b9c-1e96-4d79-99d9-6fb8c9615807","status_code":200}}
{"event_type":"order_acked","timestamp":"2026-05-19T11:21:11.3873087+05:30","order_acked":{"request_id":"1d4415ba-8540-4091-873c-8a7552fcceac","status_code":201}}
{"event_type":"order_acked","timestamp":"2026-05-19T11:21:11.3873087+05:30","order_acked":{"request_id":"c680a5da-2022-4e30-b107-944d7acb108a","status_code":201}}
{"event_type":"execution_report","timestamp":"2026-05-19T11:21:11.388131+05:30","execution":{"order_id":"09b76ece-dfd5-4a38-9991-bdef628ae59c","symbol":"AAPL","side":"BUY","status":"filled","filled_qty":12,"leaves_qty":0,"price":712.13,"timestamp":"2026-05-19T05:51:11Z","match_id":"ce274f61-4157-42d5-b9d3-638e53ce6aed"}}
{"event_type":"execution_report","timestamp":"2026-05-19T11:21:11.3886419+05:30","execution":{"order_id":"758b2607-24b2-4765-a20e-a8019b74fcfd","symbol":"TSLA","side":"SELL","status":"filled","filled_qty":27,"leaves_qty":0,"price":900.15,"timestamp":"2026-05-19T05:51:11Z","match_id":"47fdac0f-8e2b-4499-a91d-9ef965058ea1"}}
{"event_type":"order_acked","timestamp":"2026-05-19T11:21:11.394904+05:30","order_acked":{"request_id":"93bdb413-3796-4833-a846-4db01fd8a89a","status_code":201}}
{"event_type":"execution_report","timestamp":"2026-05-19T11:21:11.4017729+05:30","execution":{"order_id":"a233118f-6b29-4de6-95d1-39332da60ccc","symbol":"MSFT","side":"SELL","status":"filled","filled_qty":30,"leaves_qty":0,"price":860.5,"timestamp":"2026-05-19T05:51:11Z","match_id":"60e30a2d-5ea0-4765-bc1e-00a65687aad6"}}
{"event_type":"order_acked","timestamp":"2026-05-19T11:21:11.4106209+05:30","order_acked":{"request_id":"179e53a2-9871-478b-b8a2-bc8a45352246","status_code":201}}
{"event_type":"order_acked","timestamp":"2026-05-19T11:21:11.4111924+05:30","order_acked":{"request_id":"5400fefe-c2ca-49ff-8e9a-db62da3f9a29","status_code":201}}
{"event_type":"execution_report","timestamp":"2026-05-19T11:21:11.4183379+05:30","execution":{"order_id":"14cfcb74-dd4a-4827-a030-41c94268e879","symbol":"AAPL","side":"SELL","status":"filled","filled_qty":82,"leaves_qty":0,"price":492.73,"timestamp":"2026-05-19T05:51:11Z","match_id":"23a49bfa-a141-4b08-ae2d-39697a4517b0"}}
{"event_type":"execution_report","timestamp":"2026-05-19T11:21:11.4205118+05:30","execution":{"order_id":"3cafef84-17cb-48a0-973c-421c67d25caa","symbol":"AMZN","side":"BUY","status":"filled","filled_qty":13,"leaves_qty":0,"price":341.86,"timestamp":"2026-05-19T05:51:11Z","match_id":"dedf1e2a-b335-447b-aa09-83f06b1561b8"}}
{"event_type":"order_acked","timestamp":"2026-05-19T11:21:11.4183379+05:30","order_acked":{"request_id":"d4f6f552-c18e-4264-8b52-b8e6aa181047","status_code":201}}
{"event_type":"order_acked","timestamp":"2026-05-19T11:21:11.4183379+05:30","order_acked":{"request_id":"12c6f1ea-96a0-4eb9-ad01-ec59f1cad150","status_code":201}}
{"event_type":"order_acked","timestamp":"2026-05-19T11:21:11.4254505+05:30","order_acked":{"request_id":"4c563de5-87b6-4599-81fa-8f31645c17cb","status_code":201}}
{"event_type":"order_acked","timestamp":"2026-05-19T11:21:11.4264691+05:30","order_acked":{"request_id":"9e2457f8-f147-4a81-a759-f50c1b8dced9","status_code":200}}
{"event_type":"order_acked","timestamp":"2026-05-19T11:21:11.4264691+05:30","order_acked":{"request_id":"6055d27b-6fed-480e-bfe2-742c52b372af","status_code":201}}
{"event_type":"execution_report","timestamp":"2026-05-19T11:21:11.4269799+05:30","execution":{"order_id":"63f7529f-f599-42bc-a22e-5c826f0d6dc4","symbol":"AMZN","side":"BUY","status":"filled","filled_qty":66,"leaves_qty":0,"price":802.33,"timestamp":"2026-05-19T05:51:11Z","match_id":"7e26d9e9-4010-460a-8635-3a605d2f5b28"}}
{"event_type":"execution_report","timestamp":"2026-05-19T11:21:11.4269799+05:30","execution":{"order_id":"a0004666-2ebf-433b-a90a-23b0ec343e47","symbol":"TSLA","side":"BUY","status":"filled","filled_qty":38,"leaves_qty":0,"price":503.05,"timestamp":"2026-05-19T05:51:11Z","match_id":"0ebbcd93-bbdd-4454-8f18-b850dbbe7dbd"}}
{"event_type":"execution_report","timestamp":"2026-05-19T11:21:11.4269799+05:30","execution":{"order_id":"9f6cb4d2-8609-4eac-be12-21a4722b82ac","symbol":"GOOG","side":"SELL","status":"filled","filled_qty":61,"leaves_qty":0,"price":931.39,"timestamp":"2026-05-19T05:51:11Z","match_id":"6058144c-ff62-4a38-ac81-d70fe6daf0c3"}}
{"event_type":"execution_report","timestamp":"2026-05-19T11:21:11.4307827+05:30","execution":{"order_id":"b495a9d1-6c17-4ab1-9e3a-b8e701b4e9db","symbol":"GOOG","side":"BUY","status":"filled","filled_qty":67,"leaves_qty":0,"price":541.03,"timestamp":"2026-05-19T05:51:11Z","match_id":"9c925486-e625-444d-8e32-5e02b9db99fc"}}
{"event_type":"order_acked","timestamp":"2026-05-19T11:21:11.4373848+05:30","order_acked":{"request_id":"870498d4-1c4e-4a80-a2ca-3afa0b1bd738","status_code":201}}
{"event_type":"execution_report","timestamp":"2026-05-19T11:21:11.4401198+05:30","execution":{"order_id":"a668e6e0-4163-4ecf-a18f-75b8ed2ac4e2","symbol":"AMZN","side":"SELL","status":"filled","filled_qty":53,"leaves_qty":0,"price":826.2,"timestamp":"2026-05-19T05:51:11Z","match_id":"aac637b8-fa72-49a6-b74a-d39d53c0cda3"}}
{"event_type":"order_acked","timestamp":"2026-05-19T11:21:11.4401198+05:30","order_acked":{"request_id":"945abdc3-c3a1-426a-9ab7-3cfd10898069","status_code":201}}
{"event_type":"execution_report","timestamp":"2026-05-19T11:21:11.4446893+05:30","execution":{"order_id":"8fc8dbd6-8e99-441a-8681-7d4ff9c9ef1f","symbol":"GOOG","side":"SELL","status":"filled","filled_qty":79,"leaves_qty":0,"price":542.59,"timestamp":"2026-05-19T05:51:11Z","match_id":"c96959aa-e8b4-45d5-a2b2-c984f32d9af3"}}
{"event_type":"order_acked","timestamp":"2026-05-19T11:21:11.4446893+05:30","order_acked":{"request_id":"0154df01-7941-4c0a-a025-c354b6474989","status_code":201}}
{"event_type":"order_acked","timestamp":"2026-05-19T11:21:11.4465365+05:30","order_acked":{"request_id":"74cca1fa-b787-43b6-94c6-5705d08843fe","status_code":201}}
{"event_type":"order_acked","timestamp":"2026-05-19T11:21:11.4465365+05:30","order_acked":{"request_id":"8f3eb777-00aa-4908-81d2-8bfea54c2ad6","status_code":200}}
{"event_type":"order_acked","timestamp":"2026-05-19T11:21:11.4511418+05:30","order_acked":{"request_id":"16a51f0f-60ae-4a21-b7ff-e8f158c9dca2","status_code":201}}
{"event_type":"execution_report","timestamp":"2026-05-19T11:21:11.4533023+05:30","execution":{"order_id":"dd227c0c-d51c-4efe-bbd1-53a2f7c63070","symbol":"MSFT","side":"BUY","status":"filled","filled_qty":62,"leaves_qty":0,"price":295.63,"timestamp":"2026-05-19T05:51:11Z","match_id":"bd0aa7af-c091-410b-9098-e6f79a5ff717"}}
{"event_type":"execution_report","timestamp":"2026-05-19T11:21:11.4549013+05:30","execution":{"order_id":"3eb739ab-8a9d-41f8-850b-85f3ddd8b394","symbol":"TSLA","side":"SELL","status":"filled","filled_qty":72,"leaves_qty":0,"price":287.78,"timestamp":"2026-05-19T05:51:11Z","match_id":"b3b389a9-5029-4c49-98e5-2faca51273a9"}}
{"event_type":"order_acked","timestamp":"2026-05-19T11:21:11.4612515+05:30","order_acked":{"request_id":"72972c41-c5f2-4f4d-a5e0-ce194dba6fd9","status_code":201}}
{"event_type":"order_acked","timestamp":"2026-05-19T11:21:11.4641652+05:30","order_acked":{"request_id":"a7703549-d502-4329-b8e9-c8f4dbc00e1d","status_code":201}}
{"event_type":"order_acked","timestamp":"2026-05-19T11:21:11.4647046+05:30","order_acked":{"request_id":"77a683a8-394c-47b1-9d2e-ba6eaa6ec370","status_code":200}}
{"event_type":"order_acked","timestamp":"2026-05-19T11:21:11.4673991+05:30","order_acked":{"request_id":"43cdef2e-7822-4963-bfb8-2d6c747fca79","status_code":201}}
{"event_type":"order_acked","timestamp":"2026-05-19T11:21:11.4690077+05:30","order_acked":{"request_id":"03548103-9003-4f28-a9ec-a04e827069b6","status_code":201}}
{"event_type":"execution_report","timestamp":"2026-05-19T11:21:11.4700968+05:30","execution":{"order_id":"3a62f8c0-3671-41c0-bedc-a8e9c38596fd","symbol":"GOOG","side":"BUY","status":"filled","filled_qty":75,"leaves_qty":0,"price":402.61,"timestamp":"2026-05-19T05:51:11Z","match_id":"1bde9223-73ca-4456-b0b4-5bffde90a90e"}}
{"event_type":"order_acked","timestamp":"2026-05-19T11:21:11.4716907+05:30","order_acked":{"request_id":"81e23a1b-82bd-432b-a114-07e7ab2bdcef","status_code":200}}
{"event_type":"order_acked","timestamp":"2026-05-19T11:21:11.4776728+05:30","order_acked":{"request_id":"f6f1ba13-6d13-4ce9-8a33-98c4ef3feae6","status_code":201}}
{"event_type":"order_acked","timestamp":"2026-05-19T11:21:11.4995482+05:30","order_acked":{"request_id":"e792ce50-ce47-4f93-b4ec-adb2bc29f6ea","status_code":201}}
{"event_type":"order_acked","timestamp":"2026-05-19T11:21:11.5000857+05:30","order_acked":{"request_id":"0613d2b6-8b12-4709-9cd0-cceb1e0ca575","status_code":201}}
{"event_type":"order_acked","timestamp":"2026-05-19T11:21:11.5000857+05:30","order_acked":{"request_id":"5823583a-d6b9-464a-8734-74337506a9c9","status_code":201}}
{"event_type":"execution_report","timestamp":"2026-05-19T11:21:11.5000857+05:30","execution":{"order_id":"17c1e983-8550-45a5-a150-68522a01dd5e","symbol":"GOOG","side":"SELL","status":"filled","filled_qty":16,"leaves_qty":0,"price":503.56,"timestamp":"2026-05-19T05:51:11Z","match_id":"c13656fd-a44a-41ae-8ee4-ad5367aec745"}}
{"event_type":"execution_report","timestamp":"2026-05-19T11:21:11.5026676+05:30","execution":{"order_id":"f6a4cf42-f671-4a9c-82be-42b5d1cd8d20","symbol":"AMZN","side":"BUY","status":"filled","filled_qty":66,"leaves_qty":0,"price":585.22,"timestamp":"2026-05-19T05:51:11Z","match_id":"69bc608a-220e-4680-8ab2-b44d5a667552"}}
{"event_type":"order_acked","timestamp":"2026-05-19T11:21:11.5000857+05:30","order_acked":{"request_id":"ae81f2f6-ea50-4279-bb80-f4fa86b64727","status_code":201}}
{"event_type":"execution_report","timestamp":"2026-05-19T11:21:11.5075705+05:30","execution":{"order_id":"6784e0a7-361d-48f3-aabd-e79bee932d02","symbol":"MSFT","side":"BUY","status":"filled","filled_qty":26,"leaves_qty":0,"price":139.07,"timestamp":"2026-05-19T05:51:11Z","match_id":"8c20fe90-1897-44c0-a881-a8772b8e171c"}}
{"event_type":"order_acked","timestamp":"2026-05-19T11:21:11.5104205+05:30","order_acked":{"request_id":"0355ad8b-724c-482a-af84-fa78e966e4da","status_code":201}}
{"event_type":"execution_report","timestamp":"2026-05-19T11:21:11.5104205+05:30","execution":{"order_id":"6b4647bc-56e9-4dcc-a03f-57fad50fcbce","symbol":"AAPL","side":"BUY","status":"filled","filled_qty":79,"leaves_qty":0,"price":199.33,"timestamp":"2026-05-19T05:51:11Z","match_id":"eea24b8d-0147-4289-8a88-fce081c0a834"}}
{"event_type":"execution_report","timestamp":"2026-05-19T11:21:11.5104205+05:30","execution":{"order_id":"b05b0594-4c25-4492-9019-ecb83ffda5b4","symbol":"GOOG","side":"SELL","status":"filled","filled_qty":90,"leaves_qty":0,"price":285.63,"timestamp":"2026-05-19T05:51:11Z","match_id":"8bfe4036-c28b-4092-ad6c-4d9ceb998316"}}
{"event_type":"order_acked","timestamp":"2026-05-19T11:21:11.5119446+05:30","order_acked":{"request_id":"0045eeb5-06d4-4d5c-a10d-f1c7e4e63f55","status_code":201}}
{"event_type":"order_acked","timestamp":"2026-05-19T11:21:11.5131787+05:30","order_acked":{"request_id":"c1b67124-d518-419a-987a-b028245abe0f","status_code":201}}
{"event_type":"order_acked","timestamp":"2026-05-19T11:21:11.5148344+05:30","order_acked":{"request_id":"4ce2e911-af6e-4c9e-8f35-7b00818598fd","status_code":201}}
{"event_type":"order_acked","timestamp":"2026-05-19T11:21:11.5159349+05:30","order_acked":{"request_id":"f098548c-4f57-411c-8f51-aa757ef5ac27","status_code":200}}
{"event_type":"execution_report","timestamp":"2026-05-19T11:21:11.5170042+05:30","execution":{"order_id":"3efb8f98-acb6-4c99-ba9a-df6f19452df1","symbol":"AMZN","side":"BUY","status":"filled","filled_qty":69,"leaves_qty":0,"price":659.59,"timestamp":"2026-05-19T05:51:11Z","match_id":"b1c70814-ddcf-4ee3-acb5-0bffce5c5c8a"}}
{"event_type":"order_acked","timestamp":"2026-05-19T11:21:11.5197493+05:30","order_acked":{"request_id":"492cc338-960d-45db-a749-80c49f45a2aa","status_code":200}}
{"event_type":"order_acked","timestamp":"2026-05-19T11:21:11.522461+05:30","order_acked":{"request_id":"811402af-547d-4dd6-bd8b-de96d67a039a","status_code":201}}
{"event_type":"order_acked","timestamp":"2026-05-19T11:21:11.5261294+05:30","order_acked":{"request_id":"41883263-dd44-4216-90a9-8d3e67fec92b","status_code":201}}
{"event_type":"order_acked","timestamp":"2026-05-19T11:21:11.5336793+05:30","order_acked":{"request_id":"41cfb976-aad7-4ba9-a7d9-be6ae0de1eed","status_code":201}}
{"event_type":"order_acked","timestamp":"2026-05-19T11:21:11.5356469+05:30","order_acked":{"request_id":"1063f130-a166-4fe9-997c-6266e7e0d5e4","status_code":201}}
{"event_type":"order_acked","timestamp":"2026-05-19T11:21:11.5361903+05:30","order_acked":{"request_id":"4ba2beaa-2fb6-4ff5-96ed-7d039e8ec9b3","status_code":201}}
{"event_type":"order_acked","timestamp":"2026-05-19T11:21:11.5384008+05:30","order_acked":{"request_id":"60ec8867-3b79-412d-9296-0791bd19dc1b","status_code":201}}
{"event_type":"order_acked","timestamp":"2026-05-19T11:21:11.5389253+05:30","order_acked":{"request_id":"7aa4f4a0-347c-44b9-ac97-00c0570d3806","status_code":201}}
{"event_type":"execution_report","timestamp":"2026-05-19T11:21:11.5405962+05:30","execution":{"order_id":"51ed8293-c398-4c42-a520-9ce2e30fca89","symbol":"TSLA","side":"BUY","status":"filled","filled_qty":46,"leaves_qty":0,"price":987.41,"timestamp":"2026-05-19T05:51:11Z","match_id":"179714bc-69bf-4bdd-9674-028e5f762e53"}}
{"event_type":"execution_report","timestamp":"2026-05-19T11:21:11.5422517+05:30","execution":{"order_id":"7407b141-db85-4294-ba3c-db861c09f63c","symbol":"AMZN","side":"SELL","status":"filled","filled_qty":71,"leaves_qty":0,"price":359.77,"timestamp":"2026-05-19T05:51:11Z","match_id":"6f66bb8a-a43d-4e09-9ba3-74838914de8b"}}
{"event_type":"order_acked","timestamp":"2026-05-19T11:21:11.5433178+05:30","order_acked":{"request_id":"f2ea5218-f028-41bd-b5d9-6b7d18f3a323","status_code":201}}
{"event_type":"execution_report","timestamp":"2026-05-19T11:21:11.5438695+05:30","execution":{"order_id":"04446ed1-2e90-42db-833b-c347bea010d3","symbol":"MSFT","side":"BUY","status":"filled","filled_qty":84,"leaves_qty":0,"price":896.67,"timestamp":"2026-05-19T05:51:11Z","match_id":"498da746-ff53-4650-a13e-f2ab5e443776"}}
{"event_type":"execution_report","timestamp":"2026-05-19T11:21:11.5438695+05:30","execution":{"order_id":"c97fa2ea-0781-4911-86f7-689600b88ade","symbol":"TSLA","side":"BUY","status":"filled","filled_qty":1,"leaves_qty":0,"price":850.03,"timestamp":"2026-05-19T05:51:11Z","match_id":"0a9514ce-e1e5-4c50-b1ca-abc90a42c760"}}
{"event_type":"execution_report","timestamp":"2026-05-19T11:21:11.5471714+05:30","execution":{"order_id":"ea45bcf4-0406-43da-be1b-28d033ff1d63","symbol":"AMZN","side":"BUY","status":"filled","filled_qty":84,"leaves_qty":0,"price":549.55,"timestamp":"2026-05-19T05:51:11Z","match_id":"3c4296f5-9576-44d5-968f-1986b006e7fb"}}
{"event_type":"order_acked","timestamp":"2026-05-19T11:21:11.550948+05:30","order_acked":{"request_id":"fdfbb024-6865-41ab-a4e8-ba25954c9c11","status_code":200}}
{"event_type":"order_acked","timestamp":"2026-05-19T11:21:11.5514979+05:30","order_acked":{"request_id":"a3585e91-19df-4494-a935-33efb7b73052","status_code":201}}
{"event_type":"order_acked","timestamp":"2026-05-19T11:21:11.553132+05:30","order_acked":{"request_id":"84c21696-4a17-4374-a9fd-678f4005a2a9","status_code":201}}
{"event_type":"order_acked","timestamp":"2026-05-19T11:21:11.5583533+05:30","order_acked":{"request_id":"b49f9c21-35f3-4a27-9056-7a3ecc3abde9","status_code":201}}
{"event_type":"execution_report","timestamp":"2026-05-19T11:21:11.5594918+05:30","execution":{"order_id":"f22aeeeb-9329-462c-be62-c055116b33a6","symbol":"MSFT","side":"SELL","status":"filled","filled_qty":72,"leaves_qty":0,"price":760.71,"timestamp":"2026-05-19T05:51:11Z","match_id":"9300ef82-0087-483e-bd9e-4f81c4f52ba7"}}
{"event_type":"execution_report","timestamp":"2026-05-19T11:21:11.5605637+05:30","execution":{"order_id":"61eb351e-e836-4acd-a929-c1b6a975cfc2","symbol":"AAPL","side":"SELL","status":"filled","filled_qty":53,"leaves_qty":0,"price":313.44,"timestamp":"2026-05-19T05:51:11Z","match_id":"3e43daf4-ef05-474c-ad03-92935a53a845"}}
{"event_type":"order_acked","timestamp":"2026-05-19T11:21:11.5616179+05:30","order_acked":{"request_id":"65d6990b-f4b1-448a-8813-e86fb4967765","status_code":201}}
{"event_type":"order_acked","timestamp":"2026-05-19T11:21:11.5637593+05:30","order_acked":{"request_id":"b909d36e-0527-4753-a671-e4c5044b025c","status_code":201}}
{"event_type":"order_acked","timestamp":"2026-05-19T11:21:11.5659051+05:30","order_acked":{"request_id":"4252bd14-06a3-453f-ba89-67107cc1600c","status_code":200}}
{"event_type":"order_acked","timestamp":"2026-05-19T11:21:11.5689827+05:30","order_acked":{"request_id":"6e291462-e59b-47f7-a8b2-f10bdbc1978f","status_code":200}}
{"event_type":"execution_report","timestamp":"2026-05-19T11:21:11.5716789+05:30","execution":{"order_id":"362b8693-b27b-46dc-a59c-a1480287ada5","symbol":"TSLA","side":"SELL","status":"filled","filled_qty":20,"leaves_qty":0,"price":885.92,"timestamp":"2026-05-19T05:51:11Z","match_id":"7bd18c0d-9df5-4a1b-87f6-6ab5e00ef3c4"}}
{"event_type":"order_acked","timestamp":"2026-05-19T11:21:11.5733005+05:30","order_acked":{"request_id":"d51c7d6b-7d6e-44bb-87cc-1227233e6e89","status_code":201}}
{"event_type":"order_acked","timestamp":"2026-05-19T11:21:11.5760389+05:30","order_acked":{"request_id":"860f033f-517a-4033-8e5d-02f11926bf3e","status_code":201}}
{"event_type":"order_acked","timestamp":"2026-05-19T11:21:11.5792503+05:30","order_acked":{"request_id":"3fbee8d7-92bf-4168-b94b-ff863333f03b","status_code":201}}
{"event_type":"order_acked","timestamp":"2026-05-19T11:21:11.5813834+05:30","order_acked":{"request_id":"f1ed856c-2c73-419d-8238-adf5c68690fb","status_code":201}}
{"event_type":"order_acked","timestamp":"2026-05-19T11:21:11.584131+05:30","order_acked":{"request_id":"b119b678-9ec5-415d-9b45-cd04743110f9","status_code":201}}
{"event_type":"execution_report","timestamp":"2026-05-19T11:21:11.5862934+05:30","execution":{"order_id":"74e53c53-b715-4834-bcda-1916f3c5bd7d","symbol":"TSLA","side":"BUY","status":"filled","filled_qty":93,"leaves_qty":0,"price":568,"timestamp":"2026-05-19T05:51:11Z","match_id":"1ef148f9-00e2-420f-8d94-773fd490f94b"}}
{"event_type":"order_acked","timestamp":"2026-05-19T11:21:11.5879167+05:30","order_acked":{"request_id":"18b8c159-6757-4e02-9596-f65927ce208c","status_code":201}}
{"event_type":"order_acked","timestamp":"2026-05-19T11:21:11.5906213+05:30","order_acked":{"request_id":"1138119e-427c-4e45-bd5f-f435b83ee77a","status_code":201}}
{"event_type":"order_acked","timestamp":"2026-05-19T11:21:11.5949625+05:30","order_acked":{"request_id":"9f8055c9-e28d-4f19-bc91-e3329d50392f","status_code":200}}
{"event_type":"order_acked","timestamp":"2026-05-19T11:21:11.5970954+05:30","order_acked":{"request_id":"f03651f5-5bc9-413b-b207-a7b956a5bd5b","status_code":201}}
{"event_type":"order_acked","timestamp":"2026-05-19T11:21:11.5987072+05:30","order_acked":{"request_id":"77fba7cc-00e5-464f-a975-f15b45301d2d","status_code":201}}
{"event_type":"order_acked","timestamp":"2026-05-19T11:21:11.6020282+05:30","order_acked":{"request_id":"2c0ca16d-961a-4317-9197-40c5437a05e7","status_code":201}}
{"event_type":"order_acked","timestamp":"2026-05-19T11:21:11.6052666+05:30","order_acked":{"request_id":"081e82ee-de3b-492d-a7a7-9a237ca051af","status_code":201}}
{"event_type":"order_acked","timestamp":"2026-05-19T11:21:11.6102287+05:30","order_acked":{"request_id":"d7a52eb5-d929-456b-9921-3aa8db129dc9","status_code":201}}
{"event_type":"order_acked","timestamp":"2026-05-19T11:21:11.6129153+05:30","order_acked":{"request_id":"459f53e4-4883-4b66-b016-ecd9c076e80b","status_code":201}}
{"event_type":"order_acked","timestamp":"2026-05-19T11:21:11.614561+05:30","order_acked":{"request_id":"fbf0abdc-446d-49fd-8d37-69ce7dd05807","status_code":201}}
{"event_type":"execution_report","timestamp":"2026-05-19T11:21:11.6167408+05:30","execution":{"order_id":"dae20c06-5569-4078-a671-93c0548d710a","symbol":"AMZN","side":"BUY","status":"filled","filled_qty":95,"leaves_qty":0,"price":486.37,"timestamp":"2026-05-19T05:51:11Z","match_id":"e2ea7b8f-121d-4a16-b754-fc28ac3303b1"}}
{"event_type":"order_acked","timestamp":"2026-05-19T11:21:11.6172968+05:30","order_acked":{"request_id":"3125cecc-a7ec-4ed8-97eb-a9fdfcac510b","status_code":201}}
{"event_type":"order_acked","timestamp":"2026-05-19T11:21:11.618369+05:30","order_acked":{"request_id":"0cb04f6a-65b6-46e8-8c75-5faed1403172","status_code":201}}
{"event_type":"execution_report","timestamp":"2026-05-19T11:21:11.6216189+05:30","execution":{"order_id":"c724db5d-f170-4a6d-943d-974040670d5c","symbol":"GOOG","side":"BUY","status":"filled","filled_qty":86,"leaves_qty":0,"price":226.72,"timestamp":"2026-05-19T05:51:11Z","match_id":"102f8a53-9d9b-41fb-b8cd-3e9b81207a23"}}
{"event_type":"execution_report","timestamp":"2026-05-19T11:21:11.6221601+05:30","execution":{"order_id":"75594849-333e-4c7a-ae97-821f50f185c6","symbol":"GOOG","side":"SELL","status":"filled","filled_qty":7,"leaves_qty":0,"price":425.06,"timestamp":"2026-05-19T05:51:11Z","match_id":"53a32b1c-c8ce-4f7a-8357-a45eb9c603f8"}}
{"event_type":"execution_report","timestamp":"2026-05-19T11:21:11.623277+05:30","execution":{"order_id":"c534bf16-7791-4931-b494-89f3304d0166","symbol":"GOOG","side":"BUY","status":"filled","filled_qty":94,"leaves_qty":0,"price":967.07,"timestamp":"2026-05-19T05:51:11Z","match_id":"0a896250-4cba-41ab-9e28-bb73f3258a37"}}
{"event_type":"order_acked","timestamp":"2026-05-19T11:21:11.6238328+05:30","order_acked":{"request_id":"814fbac7-57d5-40af-b2b1-d8a4c2466007","status_code":201}}
{"event_type":"order_acked","timestamp":"2026-05-19T11:21:11.6254635+05:30","order_acked":{"request_id":"f19042a0-dc2b-4b8c-84f6-62d38d0d79db","status_code":201}}
{"event_type":"order_acked","timestamp":"2026-05-19T11:21:11.6265627+05:30","order_acked":{"request_id":"f5fb548b-a479-4bc1-9c67-31ba0e61f9ed","status_code":201}}
{"event_type":"execution_report","timestamp":"2026-05-19T11:21:11.6330378+05:30","execution":{"order_id":"26399669-d2a0-4a1a-a2f2-041bdef69cc9","symbol":"MSFT","side":"BUY","status":"filled","filled_qty":37,"leaves_qty":0,"price":700.48,"timestamp":"2026-05-19T05:51:11Z","match_id":"8f821130-8dd6-46b2-af83-c1d2759f9330"}}
{"event_type":"execution_report","timestamp":"2026-05-19T11:21:11.6335639+05:30","execution":{"order_id":"28deb59c-efb4-4a16-89b4-b1d7ad3f2783","symbol":"AMZN","side":"BUY","status":"filled","filled_qty":52,"leaves_qty":0,"price":540.96,"timestamp":"2026-05-19T05:51:11Z","match_id":"4646ebd6-c53b-4358-81f4-15254c0fa859"}}
{"event_type":"order_sent","timestamp":"2026-05-19T11:21:13.2197504+05:30","order_sent":{"request_id":"9635a037-76a2-4025-8121-233f2ad03797","order_id":"","type":"LIMIT","symbol":"TSLA","side":"SELL","price":775.69,"quantity":67}}
{"event_type":"order_sent","timestamp":"2026-05-19T11:21:13.2197504+05:30","order_sent":{"request_id":"fc69f77b-19d7-4470-b890-7b429311bdeb","order_id":"ord-59717093445959107","type":"CANCEL","symbol":"","side":""}}
{"event_type":"order_sent","timestamp":"2026-05-19T11:21:13.2197504+05:30","order_sent":{"request_id":"90e730fb-358d-4b35-b7e6-7dec89603349","order_id":"","type":"LIMIT","symbol":"GOOG","side":"BUY","price":559.89,"quantity":11}}
{"event_type":"order_sent","timestamp":"2026-05-19T11:21:13.2197504+05:30","order_sent":{"request_id":"2d2b49ac-d81e-40e4-b09f-ab174d02f566","order_id":"","type":"MARKET","symbol":"AMZN","side":"BUY","quantity":2}}
{"event_type":"order_sent","timestamp":"2026-05-19T11:21:13.2197504+05:30","order_sent":{"request_id":"db8b492f-d67d-4930-9421-0ba6897a40d2","order_id":"","type":"LIMIT","symbol":"AAPL","side":"SELL","price":993.78,"quantity":80}}
{"event_type":"order_sent","timestamp":"2026-05-19T11:21:13.2197504+05:30","order_sent":{"request_id":"95a7dcc0-05d3-4978-bbaa-9dbc4e180261","order_id":"","type":"LIMIT","symbol":"TSLA","side":"SELL","price":727.32,"quantity":37}}
{"event_type":"order_sent","timestamp":"2026-05-19T11:21:13.2197504+05:30","order_sent":{"request_id":"ae66f528-9a4a-4ccb-acbe-4619983ff2e2","order_id":"","type":"LIMIT","symbol":"AMZN","side":"SELL","price":966.42,"quantity":59}}
{"event_type":"order_sent","timestamp":"2026-05-19T11:21:13.2197504+05:30","order_sent":{"request_id":"67feb91a-cd83-4c17-a4ae-8ffea81c1b52","order_id":"","type":"LIMIT","symbol":"GOOG","side":"SELL","price":333.13,"quantity":93}}
{"event_type":"order_sent","timestamp":"2026-05-19T11:21:13.2197504+05:30","order_sent":{"request_id":"bb8a3fa5-9d61-47e7-b028-6b281c7f7182","order_id":"ord-2771008720309902474","type":"CANCEL","symbol":"","side":""}}
{"event_type":"order_sent","timestamp":"2026-05-19T11:21:13.2197504+05:30","order_sent":{"request_id":"c73e1127-1b15-4766-836e-c3591a77684d","order_id":"ord-2597741730344033868","type":"CANCEL","symbol":"","side":""}}
{"event_type":"order_sent","timestamp":"2026-05-19T11:21:13.220432+05:30","order_sent":{"request_id":"00fd0ddf-9780-4e98-9c1c-7480602ec7b5","order_id":"","type":"LIMIT","symbol":"TSLA","side":"SELL","price":565.38,"quantity":43}}
{"event_type":"order_sent","timestamp":"2026-05-19T11:21:13.220432+05:30","order_sent":{"request_id":"43d5806e-8698-4a0f-8b16-3bf1d5505e9a","order_id":"","type":"LIMIT","symbol":"AAPL","side":"SELL","price":265.11,"quantity":98}}
{"event_type":"order_sent","timestamp":"2026-05-19T11:21:13.220432+05:30","order_sent":{"request_id":"b15d93b4-1e0a-4c89-b857-98c33d3165ba","order_id":"ord-2076332623209854631","type":"CANCEL","symbol":"","side":""}}
{"event_type":"order_sent","timestamp":"2026-05-19T11:21:13.220432+05:30","order_sent":{"request_id":"6437d549-b663-446d-8f47-9278459d9cc9","order_id":"","type":"LIMIT","symbol":"AMZN","side":"BUY","price":375.02,"quantity":52}}
{"event_type":"order_sent","timestamp":"2026-05-19T11:21:13.220432+05:30","order_sent":{"request_id":"c21c17d1-1609-4a02-b5f7-cdb99690f3ec","order_id":"","type":"LIMIT","symbol":"AAPL","side":"SELL","price":342.3,"quantity":90}}
{"event_type":"order_sent","timestamp":"2026-05-19T11:21:13.220432+05:30","order_sent":{"request_id":"c30cbc49-c392-4d88-8b87-87ec7e596fd2","order_id":"ord-4642658837769044766","type":"CANCEL","symbol":"","side":""}}
{"event_type":"order_sent","timestamp":"2026-05-19T11:21:13.220432+05:30","order_sent":{"request_id":"81d73e33-b55a-49ac-bdfd-0932cb361d53","order_id":"","type":"LIMIT","symbol":"AAPL","side":"BUY","price":485.22,"quantity":28}}
{"event_type":"order_sent","timestamp":"2026-05-19T11:21:13.220432+05:30","order_sent":{"request_id":"7fb2ea04-59d1-49a2-bb0e-8d36a5955803","order_id":"","type":"MARKET","symbol":"GOOG","side":"SELL","quantity":37}}
{"event_type":"order_sent","timestamp":"2026-05-19T11:21:13.220432+05:30","order_sent":{"request_id":"16692be7-ad47-4311-bb2d-8b6879c73033","order_id":"","type":"MARKET","symbol":"AMZN","side":"SELL","quantity":24}}
{"event_type":"order_sent","timestamp":"2026-05-19T11:21:13.2197504+05:30","order_sent":{"request_id":"f52642c8-728d-41e0-8ca5-0e59b1eaa293","order_id":"ord-2721920878962026582","type":"CANCEL","symbol":"","side":""}}
{"event_type":"order_sent","timestamp":"2026-05-19T11:21:13.220432+05:30","order_sent":{"request_id":"9f073489-2d92-4120-9cb7-4c23ae078ac3","order_id":"","type":"MARKET","symbol":"AMZN","side":"SELL","quantity":15}}
{"event_type":"order_sent","timestamp":"2026-05-19T11:21:13.220432+05:30","order_sent":{"request_id":"c9db7efe-c25f-4a5b-81d5-05f3d2cb2715","order_id":"","type":"LIMIT","symbol":"MSFT","side":"SELL","price":133.32,"quantity":60}}
{"event_type":"order_sent","timestamp":"2026-05-19T11:21:13.2197504+05:30","order_sent":{"request_id":"0a5babcc-4e27-408b-80df-d569d76686e3","order_id":"ord-6847605506908344491","type":"CANCEL","symbol":"","side":""}}
{"event_type":"order_sent","timestamp":"2026-05-19T11:21:13.220432+05:30","order_sent":{"request_id":"0d0ff342-4a5c-4445-9de4-2bd629a67886","order_id":"","type":"MARKET","symbol":"MSFT","side":"BUY","quantity":47}}
{"event_type":"order_sent","timestamp":"2026-05-19T11:21:13.220432+05:30","order_sent":{"request_id":"775f8953-61ea-465b-ba54-26f6a7cb9163","order_id":"","type":"MARKET","symbol":"GOOG","side":"BUY","quantity":9}}
{"event_type":"order_sent","timestamp":"2026-05-19T11:21:13.2209559+05:30","order_sent":{"request_id":"a965aafa-2622-4c1d-8aa1-ee04a54a33f3","order_id":"","type":"MARKET","symbol":"MSFT","side":"SELL","quantity":24}}
{"event_type":"order_sent","timestamp":"2026-05-19T11:21:13.2209559+05:30","order_sent":{"request_id":"ffc60e67-9fe2-4b43-a8c0-26a0c9a3249e","order_id":"","type":"MARKET","symbol":"AMZN","side":"BUY","quantity":39}}
{"event_type":"order_sent","timestamp":"2026-05-19T11:21:13.2209559+05:30","order_sent":{"request_id":"c7968f89-42b0-48e7-913c-1531d00475cb","order_id":"","type":"MARKET","symbol":"GOOG","side":"SELL","quantity":39}}
{"event_type":"order_sent","timestamp":"2026-05-19T11:21:13.2209559+05:30","order_sent":{"request_id":"fb52e189-7804-427b-9a00-f115d62889f2","order_id":"","type":"MARKET","symbol":"AMZN","side":"SELL","quantity":35}}
{"event_type":"order_sent","timestamp":"2026-05-19T11:21:13.2209559+05:30","order_sent":{"request_id":"84eafa9a-7c96-49cd-97b3-fe48f25e3a96","order_id":"ord-8789134345306633052","type":"CANCEL","symbol":"","side":""}}
{"event_type":"order_sent","timestamp":"2026-05-19T11:21:13.2209559+05:30","order_sent":{"request_id":"df105c25-f4e7-4ce8-9f63-7c7bc8af44d1","order_id":"ord-5845621270798984474","type":"CANCEL","symbol":"","side":""}}
{"event_type":"order_sent","timestamp":"2026-05-19T11:21:13.2209559+05:30","order_sent":{"request_id":"378f3dc1-9475-43ca-b81a-1f255a51b710","order_id":"","type":"MARKET","symbol":"AMZN","side":"BUY","quantity":10}}
{"event_type":"order_sent","timestamp":"2026-05-19T11:21:13.2209559+05:30","order_sent":{"request_id":"5ea018cd-a1f1-468c-91ec-e0a335dcbefb","order_id":"","type":"MARKET","symbol":"GOOG","side":"SELL","quantity":28}}
{"event_type":"order_sent","timestamp":"2026-05-19T11:21:13.2209559+05:30","order_sent":{"request_id":"aab05a6f-f7e2-405f-8539-3f7edb452818","order_id":"ord-3938373408532075781","type":"CANCEL","symbol":"","side":""}}
{"event_type":"order_sent","timestamp":"2026-05-19T11:21:13.2197504+05:30","order_sent":{"request_id":"b112cca8-d2f0-4e08-9c48-3e9f1532ce71","order_id":"","type":"LIMIT","symbol":"MSFT","side":"SELL","price":306.86,"quantity":87}}
{"event_type":"order_sent","timestamp":"2026-05-19T11:21:13.2197504+05:30","order_sent":{"request_id":"4fb92e6b-5161-466e-89f6-6fc49665f7a4","order_id":"","type":"LIMIT","symbol":"MSFT","side":"BUY","price":697.58,"quantity":62}}
{"event_type":"order_sent","timestamp":"2026-05-19T11:21:13.220432+05:30","order_sent":{"request_id":"91b151b2-1ae6-4799-a3cf-e7b30bf4b0b2","order_id":"","type":"MARKET","symbol":"AAPL","side":"BUY","quantity":31}}
{"event_type":"order_sent","timestamp":"2026-05-19T11:21:13.2197504+05:30","order_sent":{"request_id":"0928be2d-ae10-46d0-b8ed-901130eba69c","order_id":"","type":"LIMIT","symbol":"AAPL","side":"BUY","price":595.07,"quantity":12}}
{"event_type":"order_sent","timestamp":"2026-05-19T11:21:13.2197504+05:30","order_sent":{"request_id":"6565bb25-ee42-412c-96fe-214e542d5826","order_id":"ord-1352105411161562330","type":"CANCEL","symbol":"","side":""}}
{"event_type":"order_sent","timestamp":"2026-05-19T11:21:13.220432+05:30","order_sent":{"request_id":"be55b0b7-bb11-4314-bba8-be7e1d7cff7f","order_id":"","type":"LIMIT","symbol":"MSFT","side":"BUY","price":350.1,"quantity":22}}
{"event_type":"order_sent","timestamp":"2026-05-19T11:21:13.220432+05:30","order_sent":{"request_id":"cb49e0e0-0e83-4b80-9250-7b189ee8cc4b","order_id":"ord-7409333812431768677","type":"CANCEL","symbol":"","side":""}}
{"event_type":"order_sent","timestamp":"2026-05-19T11:21:13.2197504+05:30","order_sent":{"request_id":"3fc565bc-c114-4fd7-ad0b-f9c0d41f8067","order_id":"","type":"MARKET","symbol":"GOOG","side":"BUY","quantity":26}}
{"event_type":"order_sent","timestamp":"2026-05-19T11:21:13.2197504+05:30","order_sent":{"request_id":"f2d513cb-7b24-43be-ad46-f4d65b422243","order_id":"","type":"LIMIT","symbol":"AMZN","side":"BUY","price":801.83,"quantity":22}}
{"event_type":"order_sent","timestamp":"2026-05-19T11:21:13.2197504+05:30","order_sent":{"request_id":"3b991a2d-2a27-4bb7-96aa-c472aa508514","order_id":"ord-6349539264241395926","type":"CANCEL","symbol":"","side":""}}
{"event_type":"order_sent","timestamp":"2026-05-19T11:21:13.2197504+05:30","order_sent":{"request_id":"10390614-33db-46af-a52a-bd058ff7a87c","order_id":"","type":"MARKET","symbol":"MSFT","side":"SELL","quantity":7}}
{"event_type":"order_sent","timestamp":"2026-05-19T11:21:13.2197504+05:30","order_sent":{"request_id":"f39a4d57-cf02-46e6-a00a-816389332a69","order_id":"ord-4165262812900378849","type":"CANCEL","symbol":"","side":""}}
{"event_type":"order_sent","timestamp":"2026-05-19T11:21:13.2197504+05:30","order_sent":{"request_id":"9263b94c-316b-429b-ade0-9202eef50e7a","order_id":"ord-747878037103606289","type":"CANCEL","symbol":"","side":""}}
{"event_type":"order_sent","timestamp":"2026-05-19T11:21:13.2197504+05:30","order_sent":{"request_id":"ae224b9f-f60c-4c63-8edb-39843e237229","order_id":"ord-7026547047411757249","type":"CANCEL","symbol":"","side":""}}
{"event_type":"order_sent","timestamp":"2026-05-19T11:21:13.2197504+05:30","order_sent":{"request_id":"4f10be51-a143-4d7b-a39e-f30778e5c8c0","order_id":"ord-2489662265285074778","type":"CANCEL","symbol":"","side":""}}
{"event_type":"order_sent","timestamp":"2026-05-19T11:21:13.2197504+05:30","order_sent":{"request_id":"561c7487-4b98-4527-a4ae-68f9d1b56ce4","order_id":"","type":"LIMIT","symbol":"GOOG","side":"SELL","price":946.39,"quantity":24}}
{"event_type":"order_sent","timestamp":"2026-05-19T11:21:13.2197504+05:30","order_sent":{"request_id":"580ab228-5ae0-429c-9dc3-3a92650ddacc","order_id":"","type":"LIMIT","symbol":"AAPL","side":"BUY","price":697.14,"quantity":15}}
{"event_type":"order_sent","timestamp":"2026-05-19T11:21:13.2197504+05:30","order_sent":{"request_id":"ef5792cb-6c2f-4c20-ac04-60b02e512102","order_id":"","type":"MARKET","symbol":"AAPL","side":"BUY","quantity":37}}
{"event_type":"order_sent","timestamp":"2026-05-19T11:21:13.2197504+05:30","order_sent":{"request_id":"ae4eb474-4538-4a08-b8db-9faa73abdb3a","order_id":"ord-5458029261414612081","type":"CANCEL","symbol":"","side":""}}
{"event_type":"order_sent","timestamp":"2026-05-19T11:21:13.2197504+05:30","order_sent":{"request_id":"0e195942-09ed-4a41-a380-ab31f78f7df3","order_id":"","type":"LIMIT","symbol":"AAPL","side":"BUY","price":775.08,"quantity":75}}
{"event_type":"order_sent","timestamp":"2026-05-19T11:21:13.2197504+05:30","order_sent":{"request_id":"9c8cd5d6-19e7-4389-ac7e-edf2b4da840f","order_id":"","type":"LIMIT","symbol":"MSFT","side":"BUY","price":569.87,"quantity":25}}
{"event_type":"order_sent","timestamp":"2026-05-19T11:21:13.2197504+05:30","order_sent":{"request_id":"bdb3f29d-57fa-4625-9e53-b556a4d751b6","order_id":"ord-4013302543745945530","type":"CANCEL","symbol":"","side":""}}
{"event_type":"order_sent","timestamp":"2026-05-19T11:21:13.2197504+05:30","order_sent":{"request_id":"ffbfdae6-f63d-4ef8-a4b6-1285e512929d","order_id":"","type":"MARKET","symbol":"GOOG","side":"BUY","quantity":43}}
{"event_type":"order_sent","timestamp":"2026-05-19T11:21:13.2197504+05:30","order_sent":{"request_id":"af003d96-8942-4c64-b1e1-4d6f4880d2c4","order_id":"","type":"LIMIT","symbol":"TSLA","side":"SELL","price":954.3,"quantity":85}}
{"event_type":"order_sent","timestamp":"2026-05-19T11:21:13.2197504+05:30","order_sent":{"request_id":"2def3524-45f1-4b75-8173-beb89e7152d4","order_id":"","type":"LIMIT","symbol":"TSLA","side":"BUY","price":220.83,"quantity":96}}
{"event_type":"order_sent","timestamp":"2026-05-19T11:21:13.2197504+05:30","order_sent":{"request_id":"5de6bb1b-697d-48ef-9d9b-60268a27edd4","order_id":"ord-6878430646976518620","type":"CANCEL","symbol":"","side":""}}
{"event_type":"order_sent","timestamp":"2026-05-19T11:21:13.2197504+05:30","order_sent":{"request_id":"a4cd9595-155e-4589-aae8-b05c91e570c0","order_id":"","type":"MARKET","symbol":"AMZN","side":"SELL","quantity":8}}
{"event_type":"order_sent","timestamp":"2026-05-19T11:21:13.2197504+05:30","order_sent":{"request_id":"ef7cea30-399e-4e33-be29-d8a28561bea2","order_id":"","type":"LIMIT","symbol":"MSFT","side":"SELL","price":547.31,"quantity":88}}
{"event_type":"order_sent","timestamp":"2026-05-19T11:21:13.2197504+05:30","order_sent":{"request_id":"3958e07f-7d51-42ac-bfdf-25d228ab9db1","order_id":"ord-8200154017232039814","type":"CANCEL","symbol":"","side":""}}
{"event_type":"order_sent","timestamp":"2026-05-19T11:21:13.2197504+05:30","order_sent":{"request_id":"4f22336b-9fda-4c45-b4dd-3b199cae3616","order_id":"","type":"LIMIT","symbol":"GOOG","side":"BUY","price":902.55,"quantity":43}}
{"event_type":"order_sent","timestamp":"2026-05-19T11:21:13.2197504+05:30","order_sent":{"request_id":"927bb6f7-061e-4dac-bf2e-fe112a492758","order_id":"","type":"LIMIT","symbol":"GOOG","side":"SELL","price":507.6,"quantity":81}}
{"event_type":"order_sent","timestamp":"2026-05-19T11:21:13.2197504+05:30","order_sent":{"request_id":"76eb848f-d3e2-4a27-96bc-e5d1e49f826a","order_id":"ord-3723898102434189358","type":"CANCEL","symbol":"","side":""}}
{"event_type":"order_sent","timestamp":"2026-05-19T11:21:13.2197504+05:30","order_sent":{"request_id":"418b3157-6ccc-491b-bb62-8667170dbd41","order_id":"","type":"LIMIT","symbol":"AAPL","side":"SELL","price":499.23,"quantity":62}}
{"event_type":"order_sent","timestamp":"2026-05-19T11:21:13.2197504+05:30","order_sent":{"request_id":"cdabd637-c6c5-45ed-a5f6-f8afc959a2bc","order_id":"ord-3915086955416739528","type":"CANCEL","symbol":"","side":""}}
{"event_type":"order_sent","timestamp":"2026-05-19T11:21:13.2197504+05:30","order_sent":{"request_id":"cf80f114-d797-405f-b202-99adde536e87","order_id":"","type":"LIMIT","symbol":"TSLA","side":"SELL","price":472.51,"quantity":40}}
{"event_type":"order_sent","timestamp":"2026-05-19T11:21:13.2197504+05:30","order_sent":{"request_id":"90e7f7fa-04d9-49b2-97a4-f22555c92993","order_id":"ord-1333996401313339312","type":"CANCEL","symbol":"","side":""}}
{"event_type":"order_sent","timestamp":"2026-05-19T11:21:13.2197504+05:30","order_sent":{"request_id":"ebe7b5e3-32f3-4601-a9e4-4632b9626276","order_id":"","type":"MARKET","symbol":"TSLA","side":"SELL","quantity":4}}
{"event_type":"order_sent","timestamp":"2026-05-19T11:21:13.2197504+05:30","order_sent":{"request_id":"66db3ad8-21e5-473e-811d-71f496c8b7ff","order_id":"","type":"LIMIT","symbol":"MSFT","side":"SELL","price":888.69,"quantity":7}}
{"event_type":"order_sent","timestamp":"2026-05-19T11:21:13.2197504+05:30","order_sent":{"request_id":"329a7d9d-bf03-4403-a91b-a1a9ef2f61bf","order_id":"","type":"MARKET","symbol":"GOOG","side":"BUY","quantity":38}}
{"event_type":"order_sent","timestamp":"2026-05-19T11:21:13.2197504+05:30","order_sent":{"request_id":"05c01e58-279d-4afe-82e4-fba858ff15a1","order_id":"","type":"LIMIT","symbol":"AAPL","side":"BUY","price":566.35,"quantity":69}}
{"event_type":"order_sent","timestamp":"2026-05-19T11:21:13.2197504+05:30","order_sent":{"request_id":"b4d51855-cb54-4352-a214-505c4ca3dd49","order_id":"","type":"LIMIT","symbol":"AAPL","side":"SELL","price":487.85,"quantity":42}}
{"event_type":"order_sent","timestamp":"2026-05-19T11:21:13.2197504+05:30","order_sent":{"request_id":"00fc4111-5260-461c-b1b5-04ad569cafcb","order_id":"ord-6397666752292093094","type":"CANCEL","symbol":"","side":""}}
{"event_type":"order_sent","timestamp":"2026-05-19T11:21:13.2197504+05:30","order_sent":{"request_id":"ce83db96-7934-4da9-8846-0521bd355a5c","order_id":"","type":"MARKET","symbol":"TSLA","side":"BUY","quantity":7}}
{"event_type":"order_sent","timestamp":"2026-05-19T11:21:13.2197504+05:30","order_sent":{"request_id":"efa9e83c-2189-4e93-bd1d-e3934b896463","order_id":"","type":"LIMIT","symbol":"AMZN","side":"SELL","price":363.51,"quantity":41}}
{"event_type":"order_sent","timestamp":"2026-05-19T11:21:13.2197504+05:30","order_sent":{"request_id":"b323ca40-307e-49b2-adea-b11e973d9fe5","order_id":"","type":"LIMIT","symbol":"AAPL","side":"SELL","price":519.56,"quantity":19}}
{"event_type":"order_sent","timestamp":"2026-05-19T11:21:13.2197504+05:30","order_sent":{"request_id":"59a94216-9a81-41f1-94ec-c0834af7b346","order_id":"ord-1671667012572537923","type":"CANCEL","symbol":"","side":""}}
{"event_type":"order_sent","timestamp":"2026-05-19T11:21:13.2197504+05:30","order_sent":{"request_id":"d7581eb7-7229-4b64-838d-376c5667be55","order_id":"","type":"LIMIT","symbol":"AMZN","side":"SELL","price":165.01,"quantity":85}}
{"event_type":"order_sent","timestamp":"2026-05-19T11:21:13.2197504+05:30","order_sent":{"request_id":"a1e93d32-e99a-4c30-84aa-bb41d9b74351","order_id":"","type":"LIMIT","symbol":"AAPL","side":"SELL","price":433.85,"quantity":78}}
{"event_type":"order_sent","timestamp":"2026-05-19T11:21:13.2197504+05:30","order_sent":{"request_id":"c71c3eee-94aa-48b8-a898-993e83a08299","order_id":"","type":"MARKET","symbol":"AMZN","side":"BUY","quantity":47}}
{"event_type":"order_sent","timestamp":"2026-05-19T11:21:13.2197504+05:30","order_sent":{"request_id":"7d4d7f50-014f-4b1f-bb32-4f7241813086","order_id":"","type":"LIMIT","symbol":"MSFT","side":"BUY","price":678.63,"quantity":77}}
{"event_type":"order_sent","timestamp":"2026-05-19T11:21:13.2197504+05:30","order_sent":{"request_id":"4b34b8b9-f38b-4e30-a501-6e22f2b868e9","order_id":"","type":"LIMIT","symbol":"GOOG","side":"BUY","price":941.76,"quantity":16}}
{"event_type":"order_sent","timestamp":"2026-05-19T11:21:13.2197504+05:30","order_sent":{"request_id":"f297bc5b-ab88-4e10-baf8-0af4493c2f22","order_id":"","type":"LIMIT","symbol":"TSLA","side":"SELL","price":619.33,"quantity":63}}
{"event_type":"order_sent","timestamp":"2026-05-19T11:21:13.2197504+05:30","order_sent":{"request_id":"fba6747d-6c17-4826-9c1a-caaa1ab00bca","order_id":"","type":"LIMIT","symbol":"MSFT","side":"SELL","price":859.4,"quantity":28}}
{"event_type":"order_sent","timestamp":"2026-05-19T11:21:13.220432+05:30","order_sent":{"request_id":"f04e1b00-473d-4c34-9dfc-a019d13f3925","order_id":"","type":"LIMIT","symbol":"GOOG","side":"SELL","price":386.24,"quantity":46}}
{"event_type":"order_sent","timestamp":"2026-05-19T11:21:13.220432+05:30","order_sent":{"request_id":"69428af4-4991-4762-aef2-18b66479529d","order_id":"","type":"LIMIT","symbol":"GOOG","side":"SELL","price":833.81,"quantity":88}}
{"event_type":"order_sent","timestamp":"2026-05-19T11:21:13.220432+05:30","order_sent":{"request_id":"ce6dd9e9-c845-4a37-b1d1-de0d6ed17f05","order_id":"","type":"LIMIT","symbol":"MSFT","side":"BUY","price":896.99,"quantity":60}}
{"event_type":"order_sent","timestamp":"2026-05-19T11:21:13.220432+05:30","order_sent":{"request_id":"6c807bbc-ad68-4c83-bdd8-b53ab3f64ebe","order_id":"","type":"LIMIT","symbol":"GOOG","side":"SELL","price":833.28,"quantity":33}}
{"event_type":"order_sent","timestamp":"2026-05-19T11:21:13.220432+05:30","order_sent":{"request_id":"e6f53c95-4453-4060-a0aa-3fde3f8ee613","order_id":"","type":"MARKET","symbol":"AMZN","side":"BUY","quantity":21}}
{"event_type":"order_sent","timestamp":"2026-05-19T11:21:13.220432+05:30","order_sent":{"request_id":"6c0a4d1b-9d48-4738-a217-2512c8fbbfb5","order_id":"","type":"LIMIT","symbol":"TSLA","side":"BUY","price":994.48,"quantity":97}}
{"event_type":"order_sent","timestamp":"2026-05-19T11:21:13.220432+05:30","order_sent":{"request_id":"dbd62dca-40ea-4f0c-9918-d85fcc316ea2","order_id":"","type":"LIMIT","symbol":"AAPL","side":"SELL","price":981.48,"quantity":40}}
{"event_type":"order_sent","timestamp":"2026-05-19T11:21:13.220432+05:30","order_sent":{"request_id":"ef6662a3-5cf9-4a09-b83c-fbcb439156ef","order_id":"ord-8762891301542323649","type":"CANCEL","symbol":"","side":""}}
{"event_type":"order_sent","timestamp":"2026-05-19T11:21:13.220432+05:30","order_sent":{"request_id":"8bf80a8d-fc9f-4284-8cef-7a4d14d08b7c","order_id":"","type":"MARKET","symbol":"GOOG","side":"BUY","quantity":3}}
{"event_type":"order_sent","timestamp":"2026-05-19T11:21:13.220432+05:30","order_sent":{"request_id":"cf0c654a-7820-4cb5-bc6f-44a4ec47bc2b","order_id":"ord-7840321084047429585","type":"CANCEL","symbol":"","side":""}}
{"event_type":"order_acked","timestamp":"2026-05-19T11:21:13.2386053+05:30","order_acked":{"request_id":"df105c25-f4e7-4ce8-9f63-7c7bc8af44d1","status_code":200}}
{"event_type":"order_sent","timestamp":"2026-05-19T11:21:13.2209559+05:30","order_sent":{"request_id":"cf468c00-a7c2-4737-8947-fb38f8250e21","order_id":"","type":"LIMIT","symbol":"AAPL","side":"SELL","price":138.75,"quantity":45}}
{"event_type":"order_sent","timestamp":"2026-05-19T11:21:13.2209559+05:30","order_sent":{"request_id":"974b0b45-5e35-4d57-8b94-4fa462d682c1","order_id":"","type":"LIMIT","symbol":"AMZN","side":"BUY","price":332.38,"quantity":92}}
{"event_type":"order_sent","timestamp":"2026-05-19T11:21:13.2209559+05:30","order_sent":{"request_id":"db903f24-dc14-4cf0-b3c7-8e4ce413e0ba","order_id":"ord-2486687493906741381","type":"CANCEL","symbol":"","side":""}}
{"event_type":"order_acked","timestamp":"2026-05-19T11:21:13.2407876+05:30","order_acked":{"request_id":"fc69f77b-19d7-4470-b890-7b429311bdeb","status_code":200}}
{"event_type":"order_acked","timestamp":"2026-05-19T11:21:13.2477232+05:30","order_acked":{"request_id":"b15d93b4-1e0a-4c89-b857-98c33d3165ba","status_code":200}}
{"event_type":"order_acked","timestamp":"2026-05-19T11:21:13.2482336+05:30","order_acked":{"request_id":"16692be7-ad47-4311-bb2d-8b6879c73033","status_code":201}}
{"event_type":"order_acked","timestamp":"2026-05-19T11:21:13.2709611+05:30","order_acked":{"request_id":"90e730fb-358d-4b35-b7e6-7dec89603349","status_code":201}}
{"event_type":"order_acked","timestamp":"2026-05-19T11:21:13.2721563+05:30","order_acked":{"request_id":"ae66f528-9a4a-4ccb-acbe-4619983ff2e2","status_code":201}}
{"event_type":"execution_report","timestamp":"2026-05-19T11:21:13.2746419+05:30","execution":{"order_id":"54cc61e3-8009-4349-9ce5-c3beb6d58aea","symbol":"GOOG","side":"BUY","status":"filled","filled_qty":11,"leaves_qty":0,"price":559.89,"timestamp":"2026-05-19T05:51:13Z","match_id":"24ee83ba-1d6b-47bc-9a0b-fe649a4061b8"}}
{"event_type":"execution_report","timestamp":"2026-05-19T11:21:13.2793894+05:30","execution":{"order_id":"d2fd4862-2873-425b-bda3-228c26a80862","symbol":"AMZN","side":"SELL","status":"filled","filled_qty":59,"leaves_qty":0,"price":966.42,"timestamp":"2026-05-19T05:51:13Z","match_id":"0990471b-882b-43cb-bedb-4ddd38ce1c1f"}}
{"event_type":"order_acked","timestamp":"2026-05-19T11:21:13.2878485+05:30","order_acked":{"request_id":"00fd0ddf-9780-4e98-9c1c-7480602ec7b5","status_code":201}}
{"event_type":"execution_report","timestamp":"2026-05-19T11:21:13.2984978+05:30","execution":{"order_id":"09784cf5-9c22-4a10-b76f-6f6893ced69e","symbol":"TSLA","side":"SELL","status":"filled","filled_qty":43,"leaves_qty":0,"price":565.38,"timestamp":"2026-05-19T05:51:13Z","match_id":"014d10b3-935a-4511-b177-7c938968050c"}}
{"event_type":"order_acked","timestamp":"2026-05-19T11:21:13.3125967+05:30","order_acked":{"request_id":"f52642c8-728d-41e0-8ca5-0e59b1eaa293","status_code":200}}
{"event_type":"order_acked","timestamp":"2026-05-19T11:21:13.3145987+05:30","order_acked":{"request_id":"c30cbc49-c392-4d88-8b87-87ec7e596fd2","status_code":200}}
{"event_type":"order_acked","timestamp":"2026-05-19T11:21:13.31573+05:30","order_acked":{"request_id":"95a7dcc0-05d3-4978-bbaa-9dbc4e180261","status_code":201}}
{"event_type":"execution_report","timestamp":"2026-05-19T11:21:13.3294726+05:30","execution":{"order_id":"38863c88-020f-43c1-bf3a-669f7024d9c8","symbol":"TSLA","side":"SELL","status":"filled","filled_qty":37,"leaves_qty":0,"price":727.32,"timestamp":"2026-05-19T05:51:13Z","match_id":"ca490893-ce0c-4759-9d43-45bc30d682c2"}}
{"event_type":"order_acked","timestamp":"2026-05-19T11:21:13.3325204+05:30","order_acked":{"request_id":"0d0ff342-4a5c-4445-9de4-2bd629a67886","status_code":201}}
{"event_type":"order_acked","timestamp":"2026-05-19T11:21:13.3325204+05:30","order_acked":{"request_id":"ffc60e67-9fe2-4b43-a8c0-26a0c9a3249e","status_code":201}}
{"event_type":"order_acked","timestamp":"2026-05-19T11:21:13.3456055+05:30","order_acked":{"request_id":"9635a037-76a2-4025-8121-233f2ad03797","status_code":201}}
{"event_type":"order_acked","timestamp":"2026-05-19T11:21:13.3478783+05:30","order_acked":{"request_id":"bb8a3fa5-9d61-47e7-b028-6b281c7f7182","status_code":200}}
{"event_type":"execution_report","timestamp":"2026-05-19T11:21:13.3489701+05:30","execution":{"order_id":"5e08beb6-e477-4023-be55-d1f8696079ad","symbol":"TSLA","side":"SELL","status":"filled","filled_qty":67,"leaves_qty":0,"price":775.69,"timestamp":"2026-05-19T05:51:13Z","match_id":"299353d6-65d3-40b2-88a1-18dd0bed083d"}}
{"event_type":"order_acked","timestamp":"2026-05-19T11:21:13.351449+05:30","order_acked":{"request_id":"2d2b49ac-d81e-40e4-b09f-ab174d02f566","status_code":201}}
{"event_type":"order_acked","timestamp":"2026-05-19T11:21:13.3530619+05:30","order_acked":{"request_id":"a965aafa-2622-4c1d-8aa1-ee04a54a33f3","status_code":201}}
{"event_type":"order_acked","timestamp":"2026-05-19T11:21:13.3569874+05:30","order_acked":{"request_id":"0a5babcc-4e27-408b-80df-d569d76686e3","status_code":200}}
{"event_type":"order_acked","timestamp":"2026-05-19T11:21:13.3636081+05:30","order_acked":{"request_id":"378f3dc1-9475-43ca-b81a-1f255a51b710","status_code":201}}
{"event_type":"order_acked","timestamp":"2026-05-19T11:21:13.369036+05:30","order_acked":{"request_id":"775f8953-61ea-465b-ba54-26f6a7cb9163","status_code":201}}
{"event_type":"order_acked","timestamp":"2026-05-19T11:21:13.3770026+05:30","order_acked":{"request_id":"9263b94c-316b-429b-ade0-9202eef50e7a","status_code":200}}
{"event_type":"order_acked","timestamp":"2026-05-19T11:21:13.3791592+05:30","order_acked":{"request_id":"db8b492f-d67d-4930-9421-0ba6897a40d2","status_code":201}}
{"event_type":"execution_report","timestamp":"2026-05-19T11:21:13.3824362+05:30","execution":{"order_id":"98f302f2-d243-4e30-a8d5-928d6c04d5c9","symbol":"AAPL","side":"SELL","status":"filled","filled_qty":80,"leaves_qty":0,"price":993.78,"timestamp":"2026-05-19T05:51:13Z","match_id":"e331d314-6a9d-4823-aa89-156d6dcf32be"}}
{"event_type":"order_acked","timestamp":"2026-05-19T11:21:13.3851037+05:30","order_acked":{"request_id":"c9db7efe-c25f-4a5b-81d5-05f3d2cb2715","status_code":201}}
{"event_type":"order_acked","timestamp":"2026-05-19T11:21:13.3867278+05:30","order_acked":{"request_id":"c73e1127-1b15-4766-836e-c3591a77684d","status_code":200}}
{"event_type":"execution_report","timestamp":"2026-05-19T11:21:13.3884203+05:30","execution":{"order_id":"f297ec1e-2917-4098-87a7-60872450527c","symbol":"MSFT","side":"SELL","status":"filled","filled_qty":60,"leaves_qty":0,"price":133.32,"timestamp":"2026-05-19T05:51:13Z","match_id":"9c0be205-af84-4aa2-b497-e28fa76ad723"}}
{"event_type":"order_acked","timestamp":"2026-05-19T11:21:13.3922992+05:30","order_acked":{"request_id":"fb52e189-7804-427b-9a00-f115d62889f2","status_code":201}}
{"event_type":"order_acked","timestamp":"2026-05-19T11:21:13.3963053+05:30","order_acked":{"request_id":"67feb91a-cd83-4c17-a4ae-8ffea81c1b52","status_code":201}}
{"event_type":"execution_report","timestamp":"2026-05-19T11:21:13.3974642+05:30","execution":{"order_id":"414ff082-cf37-48cd-82c5-c9da239a62e1","symbol":"GOOG","side":"SELL","status":"filled","filled_qty":93,"leaves_qty":0,"price":333.13,"timestamp":"2026-05-19T05:51:13Z","match_id":"557f85bf-e232-4179-abbc-7a61fc7bd2e4"}}
{"event_type":"execution_report","timestamp":"2026-05-19T11:21:13.3996955+05:30","execution":{"order_id":"c1cbe7a5-cbfd-4743-8660-f204f5b91156","symbol":"AMZN","side":"BUY","status":"filled","filled_qty":52,"leaves_qty":0,"price":375.02,"timestamp":"2026-05-19T05:51:13Z","match_id":"da43b6b9-a939-4a4f-add0-52005d7965ea"}}
{"event_type":"order_acked","timestamp":"2026-05-19T11:21:13.4007692+05:30","order_acked":{"request_id":"6437d549-b663-446d-8f47-9278459d9cc9","status_code":201}}
{"event_type":"order_acked","timestamp":"2026-05-19T11:21:13.4029497+05:30","order_acked":{"request_id":"aab05a6f-f7e2-405f-8539-3f7edb452818","status_code":200}}
{"event_type":"order_acked","timestamp":"2026-05-19T11:21:13.4067456+05:30","order_acked":{"request_id":"7fb2ea04-59d1-49a2-bb0e-8d36a5955803","status_code":201}}
{"event_type":"order_acked","timestamp":"2026-05-19T11:21:13.4116463+05:30","order_acked":{"request_id":"c7968f89-42b0-48e7-913c-1531d00475cb","status_code":201}}
{"event_type":"order_acked","timestamp":"2026-05-19T11:21:13.4127663+05:30","order_acked":{"request_id":"81d73e33-b55a-49ac-bdfd-0932cb361d53","status_code":201}}
{"event_type":"order_acked","timestamp":"2026-05-19T11:21:13.4160396+05:30","order_acked":{"request_id":"43d5806e-8698-4a0f-8b16-3bf1d5505e9a","status_code":201}}
{"event_type":"order_acked","timestamp":"2026-05-19T11:21:13.4176513+05:30","order_acked":{"request_id":"84eafa9a-7c96-49cd-97b3-fe48f25e3a96","status_code":200}}
{"event_type":"execution_report","timestamp":"2026-05-19T11:21:13.4187276+05:30","execution":{"order_id":"ebbad5d9-2f0a-4678-a456-3eb4848676d8","symbol":"AAPL","side":"BUY","status":"filled","filled_qty":28,"leaves_qty":0,"price":485.22,"timestamp":"2026-05-19T05:51:13Z","match_id":"9175117b-6d95-4d6d-bacd-44c5bfaf82bd"}}
{"event_type":"order_acked","timestamp":"2026-05-19T11:21:13.419284+05:30","order_acked":{"request_id":"c21c17d1-1609-4a02-b5f7-cdb99690f3ec","status_code":201}}
{"event_type":"order_acked","timestamp":"2026-05-19T11:21:13.4214828+05:30","order_acked":{"request_id":"5ea018cd-a1f1-468c-91ec-e0a335dcbefb","status_code":201}}
{"event_type":"execution_report","timestamp":"2026-05-19T11:21:13.4236852+05:30","execution":{"order_id":"b3fedde8-eb9c-4e16-be73-5701aecba762","symbol":"AAPL","side":"SELL","status":"filled","filled_qty":98,"leaves_qty":0,"price":265.11,"timestamp":"2026-05-19T05:51:13Z","match_id":"b2e50cf8-ebff-493b-98c9-c02682b9e712"}}
{"event_type":"execution_report","timestamp":"2026-05-19T11:21:13.4263927+05:30","execution":{"order_id":"91bb77c7-921b-4e07-837b-526d407f770d","symbol":"AAPL","side":"SELL","status":"filled","filled_qty":90,"leaves_qty":0,"price":342.3,"timestamp":"2026-05-19T05:51:13Z","match_id":"dc24c324-8520-4642-89f2-e2d23e5b691e"}}
{"event_type":"order_acked","timestamp":"2026-05-19T11:21:13.4279893+05:30","order_acked":{"request_id":"3fc565bc-c114-4fd7-ad0b-f9c0d41f8067","status_code":201}}
{"event_type":"order_acked","timestamp":"2026-05-19T11:21:13.430165+05:30","order_acked":{"request_id":"10390614-33db-46af-a52a-bd058ff7a87c","status_code":201}}
{"event_type":"order_acked","timestamp":"2026-05-19T11:21:13.4313625+05:30","order_acked":{"request_id":"f2d513cb-7b24-43be-ad46-f4d65b422243","status_code":201}}
{"event_type":"order_acked","timestamp":"2026-05-19T11:21:13.4351772+05:30","order_acked":{"request_id":"3b991a2d-2a27-4bb7-96aa-c472aa508514","status_code":200}}
{"event_type":"order_acked","timestamp":"2026-05-19T11:21:13.4379009+05:30","order_acked":{"request_id":"b112cca8-d2f0-4e08-9c48-3e9f1532ce71","status_code":201}}
{"event_type":"execution_report","timestamp":"2026-05-19T11:21:13.4384767+05:30","execution":{"order_id":"1c10c9a1-fc07-4e59-a151-a922a6719b4c","symbol":"AMZN","side":"BUY","status":"filled","filled_qty":22,"leaves_qty":0,"price":801.83,"timestamp":"2026-05-19T05:51:13Z","match_id":"447c784e-6e75-4180-b2bb-f4358fdb0251"}}
{"event_type":"order_acked","timestamp":"2026-05-19T11:21:13.4410349+05:30","order_acked":{"request_id":"f39a4d57-cf02-46e6-a00a-816389332a69","status_code":200}}
{"event_type":"order_acked","timestamp":"2026-05-19T11:21:13.4439645+05:30","order_acked":{"request_id":"6565bb25-ee42-412c-96fe-214e542d5826","status_code":200}}
{"event_type":"order_acked","timestamp":"2026-05-19T11:21:13.444472+05:30","order_acked":{"request_id":"be55b0b7-bb11-4314-bba8-be7e1d7cff7f","status_code":201}}
{"event_type":"execution_report","timestamp":"2026-05-19T11:21:13.4463062+05:30","execution":{"order_id":"3b62eedb-3167-4907-a0eb-bc326eeb1ae1","symbol":"MSFT","side":"SELL","status":"filled","filled_qty":87,"leaves_qty":0,"price":306.86,"timestamp":"2026-05-19T05:51:13Z","match_id":"d82072d6-5be3-49c0-ac6e-f3e7c80c69c2"}}
{"event_type":"order_acked","timestamp":"2026-05-19T11:21:13.4473782+05:30","order_acked":{"request_id":"4fb92e6b-5161-466e-89f6-6fc49665f7a4","status_code":201}}
{"event_type":"order_acked","timestamp":"2026-05-19T11:21:13.4495666+05:30","order_acked":{"request_id":"91b151b2-1ae6-4799-a3cf-e7b30bf4b0b2","status_code":201}}
{"event_type":"execution_report","timestamp":"2026-05-19T11:21:13.4506399+05:30","execution":{"order_id":"c06c7a07-4321-4a24-8ac9-3a5d1d381be9","symbol":"MSFT","side":"BUY","status":"filled","filled_qty":22,"leaves_qty":0,"price":350.1,"timestamp":"2026-05-19T05:51:13Z","match_id":"cea887c4-c499-4fa3-82fc-0d7d44e3c9ff"}}
{"event_type":"order_acked","timestamp":"2026-05-19T11:21:13.4543445+05:30","order_acked":{"request_id":"9f073489-2d92-4120-9cb7-4c23ae078ac3","status_code":201}}
{"event_type":"execution_report","timestamp":"2026-05-19T11:21:13.4554342+05:30","execution":{"order_id":"d35af12a-c8cd-4d13-95a0-6a5a9ce5b8f8","symbol":"MSFT","side":"BUY","status":"filled","filled_qty":62,"leaves_qty":0,"price":697.58,"timestamp":"2026-05-19T05:51:13Z","match_id":"374fd40f-b323-4b59-85f8-d15a33a864bb"}}
{"event_type":"order_acked","timestamp":"2026-05-19T11:21:13.4570437+05:30","order_acked":{"request_id":"329a7d9d-bf03-4403-a91b-a1a9ef2f61bf","status_code":201}}
{"event_type":"order_acked","timestamp":"2026-05-19T11:21:13.458199+05:30","order_acked":{"request_id":"0928be2d-ae10-46d0-b8ed-901130eba69c","status_code":201}}
{"event_type":"order_acked","timestamp":"2026-05-19T11:21:13.4610864+05:30","order_acked":{"request_id":"8bf80a8d-fc9f-4284-8cef-7a4d14d08b7c","status_code":201}}
{"event_type":"order_acked","timestamp":"2026-05-19T11:21:13.4638344+05:30","order_acked":{"request_id":"cb49e0e0-0e83-4b80-9250-7b189ee8cc4b","status_code":200}}
{"event_type":"execution_report","timestamp":"2026-05-19T11:21:13.4643879+05:30","execution":{"order_id":"f529999c-4997-4df5-9602-26af108f0e43","symbol":"AAPL","side":"BUY","status":"filled","filled_qty":12,"leaves_qty":0,"price":595.07,"timestamp":"2026-05-19T05:51:13Z","match_id":"1ca05847-8053-4149-b171-ff62e75ae871"}}
{"event_type":"order_acked","timestamp":"2026-05-19T11:21:13.4676386+05:30","order_acked":{"request_id":"db903f24-dc14-4cf0-b3c7-8e4ce413e0ba","status_code":200}}
{"event_type":"order_acked","timestamp":"2026-05-19T11:21:13.4709136+05:30","order_acked":{"request_id":"5de6bb1b-697d-48ef-9d9b-60268a27edd4","status_code":200}}
{"event_type":"order_acked","timestamp":"2026-05-19T11:21:13.4720239+05:30","order_acked":{"request_id":"0e195942-09ed-4a41-a380-ab31f78f7df3","status_code":201}}
{"event_type":"order_acked","timestamp":"2026-05-19T11:21:13.4742125+05:30","order_acked":{"request_id":"a4cd9595-155e-4589-aae8-b05c91e570c0","status_code":201}}
{"event_type":"order_acked","timestamp":"2026-05-19T11:21:13.4753105+05:30","order_acked":{"request_id":"05c01e58-279d-4afe-82e4-fba858ff15a1","status_code":201}}
{"event_type":"execution_report","timestamp":"2026-05-19T11:21:13.4814127+05:30","execution":{"order_id":"e3bf3bf4-ee31-4102-a900-aec2560e62c5","symbol":"AAPL","side":"BUY","status":"filled","filled_qty":75,"leaves_qty":0,"price":775.08,"timestamp":"2026-05-19T05:51:13Z","match_id":"b0a5fb2a-a327-4e7a-99aa-c7e228b10a9d"}}
{"event_type":"execution_report","timestamp":"2026-05-19T11:21:13.4819718+05:30","execution":{"order_id":"bd35b147-9234-4a08-a9a5-cc6ed0e7cd43","symbol":"AAPL","side":"BUY","status":"filled","filled_qty":69,"leaves_qty":0,"price":566.35,"timestamp":"2026-05-19T05:51:13Z","match_id":"01d034e6-d796-4f84-a093-502fdd2145b0"}}
{"event_type":"order_acked","timestamp":"2026-05-19T11:21:13.484119+05:30","order_acked":{"request_id":"ef6662a3-5cf9-4a09-b83c-fbcb439156ef","status_code":200}}
{"event_type":"order_acked","timestamp":"2026-05-19T11:21:13.4862657+05:30","order_acked":{"request_id":"00fc4111-5260-461c-b1b5-04ad569cafcb","status_code":200}}
{"event_type":"order_acked","timestamp":"2026-05-19T11:21:13.4874013+05:30","order_acked":{"request_id":"561c7487-4b98-4527-a4ae-68f9d1b56ce4","status_code":201}}
{"event_type":"order_acked","timestamp":"2026-05-19T11:21:13.4885021+05:30","order_acked":{"request_id":"fba6747d-6c17-4826-9c1a-caaa1ab00bca","status_code":201}}
{"event_type":"execution_report","timestamp":"2026-05-19T11:21:13.4920697+05:30","execution":{"order_id":"43732409-4b4d-4d05-87af-7b9155e983b7","symbol":"MSFT","side":"SELL","status":"filled","filled_qty":28,"leaves_qty":0,"price":859.4,"timestamp":"2026-05-19T05:51:13Z","match_id":"69e00ef6-003d-42db-a665-9214ab33a995"}}
{"event_type":"order_acked","timestamp":"2026-05-19T11:21:13.4959107+05:30","order_acked":{"request_id":"59a94216-9a81-41f1-94ec-c0834af7b346","status_code":200}}
{"event_type":"execution_report","timestamp":"2026-05-19T11:21:13.497187+05:30","execution":{"order_id":"30b0befb-9f4a-4792-9315-981930abe5e4","symbol":"GOOG","side":"SELL","status":"filled","filled_qty":24,"leaves_qty":0,"price":946.39,"timestamp":"2026-05-19T05:51:13Z","match_id":"0d8360d2-9b40-46ee-a8b8-8a85cc0c50ae"}}
{"event_type":"order_acked","timestamp":"2026-05-19T11:21:13.4983619+05:30","order_acked":{"request_id":"9c8cd5d6-19e7-4389-ac7e-edf2b4da840f","status_code":201}}
{"event_type":"order_acked","timestamp":"2026-05-19T11:21:13.4994355+05:30","order_acked":{"request_id":"cf0c654a-7820-4cb5-bc6f-44a4ec47bc2b","status_code":200}}
{"event_type":"order_acked","timestamp":"2026-05-19T11:21:13.5005365+05:30","order_acked":{"request_id":"f297bc5b-ab88-4e10-baf8-0af4493c2f22","status_code":201}}
{"event_type":"order_acked","timestamp":"2026-05-19T11:21:13.5043481+05:30","order_acked":{"request_id":"ce83db96-7934-4da9-8846-0521bd355a5c","status_code":201}}
{"event_type":"execution_report","timestamp":"2026-05-19T11:21:13.5054354+05:30","execution":{"order_id":"a9b15958-a305-488d-bc83-397b633e7caa","symbol":"MSFT","side":"BUY","status":"filled","filled_qty":25,"leaves_qty":0,"price":569.87,"timestamp":"2026-05-19T05:51:13Z","match_id":"773bb514-3895-4642-b672-f6a6dd549996"}}
{"event_type":"execution_report","timestamp":"2026-05-19T11:21:13.5070929+05:30","execution":{"order_id":"cae82b4c-77a7-4426-b1c5-6bce4792dd17","symbol":"TSLA","side":"SELL","status":"filled","filled_qty":63,"leaves_qty":0,"price":619.33,"timestamp":"2026-05-19T05:51:13Z","match_id":"6a116ca4-6546-4c1d-9270-537d5d02669f"}}
{"event_type":"order_acked","timestamp":"2026-05-19T11:21:13.5092325+05:30","order_acked":{"request_id":"b4d51855-cb54-4352-a214-505c4ca3dd49","status_code":201}}
{"event_type":"order_acked","timestamp":"2026-05-19T11:21:13.5108546+05:30","order_acked":{"request_id":"bdb3f29d-57fa-4625-9e53-b556a4d751b6","status_code":200}}
{"event_type":"order_acked","timestamp":"2026-05-19T11:21:13.5113834+05:30","order_acked":{"request_id":"f04e1b00-473d-4c34-9dfc-a019d13f3925","status_code":201}}
{"event_type":"execution_report","timestamp":"2026-05-19T11:21:13.5165324+05:30","execution":{"order_id":"3c696a0e-d094-4923-b268-befc5adfc834","symbol":"AAPL","side":"SELL","status":"filled","filled_qty":42,"leaves_qty":0,"price":487.85,"timestamp":"2026-05-19T05:51:13Z","match_id":"e08740b8-7000-4f48-b24d-11a30ff70e2c"}}
{"event_type":"execution_report","timestamp":"2026-05-19T11:21:13.5186846+05:30","execution":{"order_id":"eb087bce-57a0-4031-8f91-8a2b6dc1d24e","symbol":"GOOG","side":"SELL","status":"filled","filled_qty":46,"leaves_qty":0,"price":386.24,"timestamp":"2026-05-19T05:51:13Z","match_id":"4bab89f3-164d-48a6-9667-57322c969824"}}
{"event_type":"order_acked","timestamp":"2026-05-19T11:21:13.5203518+05:30","order_acked":{"request_id":"ae4eb474-4538-4a08-b8db-9faa73abdb3a","status_code":200}}
{"event_type":"order_acked","timestamp":"2026-05-19T11:21:13.5208806+05:30","order_acked":{"request_id":"cf468c00-a7c2-4737-8947-fb38f8250e21","status_code":201}}
{"event_type":"order_acked","timestamp":"2026-05-19T11:21:13.5247557+05:30","order_acked":{"request_id":"e6f53c95-4453-4060-a0aa-3fde3f8ee613","status_code":201}}
{"event_type":"order_acked","timestamp":"2026-05-19T11:21:13.5275131+05:30","order_acked":{"request_id":"6c0a4d1b-9d48-4738-a217-2512c8fbbfb5","status_code":201}}
{"event_type":"order_acked","timestamp":"2026-05-19T11:21:13.5285853+05:30","order_acked":{"request_id":"974b0b45-5e35-4d57-8b94-4fa462d682c1","status_code":201}}
{"event_type":"execution_report","timestamp":"2026-05-19T11:21:13.5291169+05:30","execution":{"order_id":"e611d5fc-368f-46e9-8a5d-ea27ad1c07e1","symbol":"AAPL","side":"SELL","status":"filled","filled_qty":45,"leaves_qty":0,"price":138.75,"timestamp":"2026-05-19T05:51:13Z","match_id":"5e04c8b5-45e0-4923-8dc2-abf0c27e8e17"}}
{"event_type":"order_acked","timestamp":"2026-05-19T11:21:13.5318544+05:30","order_acked":{"request_id":"dbd62dca-40ea-4f0c-9918-d85fcc316ea2","status_code":201}}
{"event_type":"execution_report","timestamp":"2026-05-19T11:21:13.5334905+05:30","execution":{"order_id":"e3531e6f-ccaf-4b6e-8d49-79704213f507","symbol":"TSLA","side":"BUY","status":"filled","filled_qty":97,"leaves_qty":0,"price":994.48,"timestamp":"2026-05-19T05:51:13Z","match_id":"e2aace05-80de-4969-a796-f4e05bb64cd5"}}
{"event_type":"execution_report","timestamp":"2026-05-19T11:21:13.5340466+05:30","execution":{"order_id":"be4b3494-748a-43a6-8b2c-f4ae56c84990","symbol":"AMZN","side":"BUY","status":"filled","filled_qty":92,"leaves_qty":0,"price":332.38,"timestamp":"2026-05-19T05:51:13Z","match_id":"473e8c8f-fec3-460b-b3ea-ef2d244400b6"}}
{"event_type":"order_acked","timestamp":"2026-05-19T11:21:13.5361934+05:30","order_acked":{"request_id":"ce6dd9e9-c845-4a37-b1d1-de0d6ed17f05","status_code":201}}
{"event_type":"order_acked","timestamp":"2026-05-19T11:21:13.5390042+05:30","order_acked":{"request_id":"a1e93d32-e99a-4c30-84aa-bb41d9b74351","status_code":201}}
{"event_type":"order_acked","timestamp":"2026-05-19T11:21:13.5395312+05:30","order_acked":{"request_id":"d7581eb7-7229-4b64-838d-376c5667be55","status_code":201}}
{"event_type":"order_acked","timestamp":"2026-05-19T11:21:13.5417493+05:30","order_acked":{"request_id":"ffbfdae6-f63d-4ef8-a4b6-1285e512929d","status_code":201}}
{"event_type":"execution_report","timestamp":"2026-05-19T11:21:13.5428736+05:30","execution":{"order_id":"a9332055-3b4e-4a12-8445-d25d81dad003","symbol":"AAPL","side":"SELL","status":"filled","filled_qty":40,"leaves_qty":0,"price":981.48,"timestamp":"2026-05-19T05:51:13Z","match_id":"6477e5b1-0779-46e2-9224-b4b344892b65"}}
{"event_type":"execution_report","timestamp":"2026-05-19T11:21:13.5434219+05:30","execution":{"order_id":"0fa9e31c-f624-47fe-a185-a77318c06569","symbol":"MSFT","side":"BUY","status":"filled","filled_qty":60,"leaves_qty":0,"price":896.99,"timestamp":"2026-05-19T05:51:13Z","match_id":"a1389dc8-fa0c-44ba-a986-0d01a07d3981"}}
{"event_type":"order_acked","timestamp":"2026-05-19T11:21:13.5450368+05:30","order_acked":{"request_id":"6c807bbc-ad68-4c83-bdd8-b53ab3f64ebe","status_code":201}}
{"event_type":"execution_report","timestamp":"2026-05-19T11:21:13.5456034+05:30","execution":{"order_id":"aeebabcf-4b55-4b6d-b58e-e0e830266043","symbol":"AAPL","side":"SELL","status":"filled","filled_qty":78,"leaves_qty":0,"price":433.85,"timestamp":"2026-05-19T05:51:13Z","match_id":"4ecef859-1cac-4dc1-9205-e8b5855f3ddf"}}
{"event_type":"execution_report","timestamp":"2026-05-19T11:21:13.5477657+05:30","execution":{"order_id":"65ba0bef-81f5-4c21-b916-3ad13058f529","symbol":"AMZN","side":"SELL","status":"filled","filled_qty":85,"leaves_qty":0,"price":165.01,"timestamp":"2026-05-19T05:51:13Z","match_id":"7641a969-a911-4017-a039-69c65ad72f20"}}
{"event_type":"execution_report","timestamp":"2026-05-19T11:21:13.5504395+05:30","execution":{"order_id":"1990b425-886d-4d62-badf-83b22f02817b","symbol":"GOOG","side":"SELL","status":"filled","filled_qty":33,"leaves_qty":0,"price":833.28,"timestamp":"2026-05-19T05:51:13Z","match_id":"91f260bb-68f7-4524-aba5-704c8d24e74c"}}
{"event_type":"order_acked","timestamp":"2026-05-19T11:21:13.5526462+05:30","order_acked":{"request_id":"3958e07f-7d51-42ac-bfdf-25d228ab9db1","status_code":200}}
{"event_type":"order_acked","timestamp":"2026-05-19T11:21:13.5537692+05:30","order_acked":{"request_id":"4b34b8b9-f38b-4e30-a501-6e22f2b868e9","status_code":201}}
{"event_type":"order_acked","timestamp":"2026-05-19T11:21:13.5537692+05:30","order_acked":{"request_id":"af003d96-8942-4c64-b1e1-4d6f4880d2c4","status_code":201}}
{"event_type":"order_acked","timestamp":"2026-05-19T11:21:13.5554673+05:30","order_acked":{"request_id":"2def3524-45f1-4b75-8173-beb89e7152d4","status_code":201}}
